timestamp,symbol,price,volume
2026-01-02T09:30:00,AAPL,284.6042,303
2026-01-02T09:30:00,MSFT,380.7608,390
2026-01-02T09:30:00,NVDA,189.2903,215
2026-01-02T09:30:00,TSLA,270.5768,874
2026-01-02T09:30:00,AMD,160.3361,401
2026-01-02T09:30:00,AMZN,273.0459,409
2026-01-02T09:30:00,META,544.0357,465
2026-01-02T09:30:00,GOOGL,368.7958,720
2026-01-02T09:30:00,SPY,763.1010,509
2026-01-02T09:30:00,QQQ,655.6809,392
2026-01-02T09:30:01,AAPL,284.3005,354
2026-01-02T09:30:01,MSFT,380.3503,662
2026-01-02T09:30:01,NVDA,188.8525,630
2026-01-02T09:30:01,TSLA,270.4521,100
2026-01-02T09:30:01,AMD,160.1839,440
2026-01-02T09:30:01,AMZN,273.1117,218
2026-01-02T09:30:01,META,543.6927,501
2026-01-02T09:30:01,GOOGL,368.6663,273
2026-01-02T09:30:01,SPY,762.7104,393
2026-01-02T09:30:01,QQQ,655.7245,379
2026-01-02T09:30:02,AAPL,285.0236,415
2026-01-02T09:30:02,MSFT,380.4479,228
2026-01-02T09:30:02,NVDA,188.9595,459
2026-01-02T09:30:02,TSLA,270.4903,276
2026-01-02T09:30:02,AMD,160.3468,95
2026-01-02T09:30:02,AMZN,273.2310,718
2026-01-02T09:30:02,META,543.1995,227
2026-01-02T09:30:02,GOOGL,368.7640,128
2026-01-02T09:30:02,SPY,761.9237,668
2026-01-02T09:30:02,QQQ,655.8690,847
2026-01-02T09:30:03,AAPL,285.0252,332
2026-01-02T09:30:03,MSFT,380.9525,184
2026-01-02T09:30:03,NVDA,189.1130,722
2026-01-02T09:30:03,TSLA,270.8060,791
2026-01-02T09:30:03,AMD,160.1655,211
2026-01-02T09:30:03,AMZN,273.2868,373
2026-01-02T09:30:03,META,543.7355,844
2026-01-02T09:30:03,GOOGL,367.8557,318
2026-01-02T09:30:03,SPY,761.5721,729
2026-01-02T09:30:03,QQQ,654.4740,487
2026-01-02T09:30:04,AAPL,284.9946,104
2026-01-02T09:30:04,MSFT,380.8547,381
2026-01-02T09:30:04,NVDA,189.2549,587
2026-01-02T09:30:04,TSLA,270.3927,95
2026-01-02T09:30:04,AMD,159.9874,349
2026-01-02T09:30:04,AMZN,273.4699,781
2026-01-02T09:30:04,META,544.6666,261
2026-01-02T09:30:04,GOOGL,367.9933,567
2026-01-02T09:30:04,SPY,762.6250,279
2026-01-02T09:30:04,QQQ,655.9351,568
2026-01-02T09:30:05,AAPL,284.7486,356
2026-01-02T09:30:05,MSFT,381.0279,871
2026-01-02T09:30:05,NVDA,189.1513,711
2026-01-02T09:30:05,TSLA,270.3933,764
2026-01-02T09:30:05,AMD,160.0840,551
2026-01-02T09:30:05,AMZN,273.1916,219
2026-01-02T09:30:05,META,543.5859,588
2026-01-02T09:30:05,GOOGL,368.4052,716
2026-01-02T09:30:05,SPY,761.8157,409
2026-01-02T09:30:05,QQQ,655.3289,677
2026-01-02T09:30:06,AAPL,284.5971,375
2026-01-02T09:30:06,MSFT,380.9574,853
2026-01-02T09:30:06,NVDA,189.3037,867
2026-01-02T09:30:06,TSLA,270.6815,467
2026-01-02T09:30:06,AMD,160.1681,658
2026-01-02T09:30:06,AMZN,273.2567,419
2026-01-02T09:30:06,META,543.5548,160
2026-01-02T09:30:06,GOOGL,367.9337,646
2026-01-02T09:30:06,SPY,762.1731,103
2026-01-02T09:30:06,QQQ,655.8153,564
2026-01-02T09:30:07,AAPL,285.0799,787
2026-01-02T09:30:07,MSFT,380.4685,653
2026-01-02T09:30:07,NVDA,189.0773,578
2026-01-02T09:30:07,TSLA,270.8752,84
2026-01-02T09:30:07,AMD,160.1704,758
2026-01-02T09:30:07,AMZN,272.9119,94
2026-01-02T09:30:07,META,543.5777,545
2026-01-02T09:30:07,GOOGL,368.0409,319
2026-01-02T09:30:07,SPY,762.3732,822
2026-01-02T09:30:07,QQQ,656.1711,116
2026-01-02T09:30:08,AAPL,284.8276,535
2026-01-02T09:30:08,MSFT,380.9027,170
2026-01-02T09:30:08,NVDA,188.8871,562
2026-01-02T09:30:08,TSLA,270.2740,715
2026-01-02T09:30:08,AMD,160.1815,448
2026-01-02T09:30:08,AMZN,273.0604,363
2026-01-02T09:30:08,META,544.5635,746
2026-01-02T09:30:08,GOOGL,368.4232,642
2026-01-02T09:30:08,SPY,762.6901,883
2026-01-02T09:30:08,QQQ,656.2221,380
2026-01-02T09:30:09,AAPL,284.8189,681
2026-01-02T09:30:09,MSFT,380.7322,644
2026-01-02T09:30:09,NVDA,189.0900,623
2026-01-02T09:30:09,TSLA,270.5529,657
2026-01-02T09:30:09,AMD,159.8695,799
2026-01-02T09:30:09,AMZN,273.6430,719
2026-01-02T09:30:09,META,544.0598,439
2026-01-02T09:30:09,GOOGL,368.1067,95
2026-01-02T09:30:09,SPY,761.3741,163
2026-01-02T09:30:09,QQQ,655.6303,397
2026-01-02T09:30:10,AAPL,284.6296,861
2026-01-02T09:30:10,MSFT,380.7852,796
2026-01-02T09:30:10,NVDA,188.9074,375
2026-01-02T09:30:10,TSLA,270.2038,131
2026-01-02T09:30:10,AMD,160.0145,847
2026-01-02T09:30:10,AMZN,273.6556,487
2026-01-02T09:30:10,META,543.9758,637
2026-01-02T09:30:10,GOOGL,368.7073,693
2026-01-02T09:30:10,SPY,761.7332,707
2026-01-02T09:30:10,QQQ,655.0006,352
2026-01-02T09:30:11,AAPL,284.3689,628
2026-01-02T09:30:11,MSFT,380.4281,304
2026-01-02T09:30:11,NVDA,189.3574,708
2026-01-02T09:30:11,TSLA,270.3291,298
2026-01-02T09:30:11,AMD,160.0566,253
2026-01-02T09:30:11,AMZN,272.9834,607
2026-01-02T09:30:11,META,544.4153,407
2026-01-02T09:30:11,GOOGL,368.3464,638
2026-01-02T09:30:11,SPY,761.3924,362
2026-01-02T09:30:11,QQQ,655.2676,852
2026-01-02T09:30:12,AAPL,284.6010,584
2026-01-02T09:30:12,MSFT,381.2258,403
2026-01-02T09:30:12,NVDA,189.4288,152
2026-01-02T09:30:12,TSLA,270.9037,360
2026-01-02T09:30:12,AMD,159.9424,495
2026-01-02T09:30:12,AMZN,273.3319,835
2026-01-02T09:30:12,META,544.5293,255
2026-01-02T09:30:12,GOOGL,368.1868,267
2026-01-02T09:30:12,SPY,762.6716,655
2026-01-02T09:30:12,QQQ,654.7052,891
2026-01-02T09:30:13,AAPL,284.8080,653
2026-01-02T09:30:13,MSFT,380.4904,416
2026-01-02T09:30:13,NVDA,188.9523,684
2026-01-02T09:30:13,TSLA,270.5876,124
2026-01-02T09:30:13,AMD,160.2629,643
2026-01-02T09:30:13,AMZN,273.1383,473
2026-01-02T09:30:13,META,544.0701,520
2026-01-02T09:30:13,GOOGL,368.0142,523
2026-01-02T09:30:13,SPY,763.0826,237
2026-01-02T09:30:13,QQQ,655.3774,658
2026-01-02T09:30:14,AAPL,284.6777,523
2026-01-02T09:30:14,MSFT,380.8228,862
2026-01-02T09:30:14,NVDA,189.0874,93
2026-01-02T09:30:14,TSLA,270.2581,804
2026-01-02T09:30:14,AMD,159.8876,126
2026-01-02T09:30:14,AMZN,273.4656,849
2026-01-02T09:30:14,META,543.9618,779
2026-01-02T09:30:14,GOOGL,368.6959,134
2026-01-02T09:30:14,SPY,762.1329,495
2026-01-02T09:30:14,QQQ,655.7123,662
2026-01-02T09:30:15,AAPL,285.0395,437
2026-01-02T09:30:15,MSFT,380.6335,463
2026-01-02T09:30:15,NVDA,188.9765,520
2026-01-02T09:30:15,TSLA,270.8772,220
2026-01-02T09:30:15,AMD,160.1330,81
2026-01-02T09:30:15,AMZN,273.1657,494
2026-01-02T09:30:15,META,544.2832,539
2026-01-02T09:30:15,GOOGL,367.7418,298
2026-01-02T09:30:15,SPY,762.6765,461
2026-01-02T09:30:15,QQQ,655.8497,338
2026-01-02T09:30:16,AAPL,285.1341,259
2026-01-02T09:30:16,MSFT,380.8850,349
2026-01-02T09:30:16,NVDA,189.2731,896
2026-01-02T09:30:16,TSLA,270.8438,625
2026-01-02T09:30:16,AMD,160.1242,821
2026-01-02T09:30:16,AMZN,273.4197,569
2026-01-02T09:30:16,META,543.8635,260
2026-01-02T09:30:16,GOOGL,368.3511,722
2026-01-02T09:30:16,SPY,762.2263,346
2026-01-02T09:30:16,QQQ,655.7022,597
2026-01-02T09:30:17,AAPL,284.8212,317
2026-01-02T09:30:17,MSFT,380.8785,653
2026-01-02T09:30:17,NVDA,189.2174,662
2026-01-02T09:30:17,TSLA,271.0049,232
2026-01-02T09:30:17,AMD,159.7954,242
2026-01-02T09:30:17,AMZN,272.9604,442
2026-01-02T09:30:17,META,544.9198,246
2026-01-02T09:30:17,GOOGL,368.0963,526
2026-01-02T09:30:17,SPY,762.9827,369
2026-01-02T09:30:17,QQQ,655.8658,527
2026-01-02T09:30:18,AAPL,285.1831,861
2026-01-02T09:30:18,MSFT,381.1034,609
2026-01-02T09:30:18,NVDA,189.1684,97
2026-01-02T09:30:18,TSLA,270.7093,437
2026-01-02T09:30:18,AMD,159.8335,832
2026-01-02T09:30:18,AMZN,272.9614,810
2026-01-02T09:30:18,META,544.5420,275
2026-01-02T09:30:18,GOOGL,368.4298,222
2026-01-02T09:30:18,SPY,760.7210,99
2026-01-02T09:30:18,QQQ,655.7911,748
2026-01-02T09:30:19,AAPL,284.7084,365
2026-01-02T09:30:19,MSFT,381.3491,320
2026-01-02T09:30:19,NVDA,189.4215,603
2026-01-02T09:30:19,TSLA,270.4594,352
2026-01-02T09:30:19,AMD,160.1201,221
2026-01-02T09:30:19,AMZN,273.1276,480
2026-01-02T09:30:19,META,543.9804,594
2026-01-02T09:30:19,GOOGL,368.5969,295
2026-01-02T09:30:19,SPY,761.9568,98
2026-01-02T09:30:19,QQQ,655.5355,299
2026-01-02T09:30:20,AAPL,284.8812,853
2026-01-02T09:30:20,MSFT,381.1285,619
2026-01-02T09:30:20,NVDA,189.4377,324
2026-01-02T09:30:20,TSLA,270.5391,489
2026-01-02T09:30:20,AMD,159.8453,678
2026-01-02T09:30:20,AMZN,273.2897,832
2026-01-02T09:30:20,META,543.8103,744
2026-01-02T09:30:20,GOOGL,367.9138,559
2026-01-02T09:30:20,SPY,760.8708,633
2026-01-02T09:30:20,QQQ,654.9024,196
2026-01-02T09:30:21,AAPL,284.8926,885
2026-01-02T09:30:21,MSFT,380.7958,462
2026-01-02T09:30:21,NVDA,189.0976,686
2026-01-02T09:30:21,TSLA,270.9172,770
2026-01-02T09:30:21,AMD,160.0194,324
2026-01-02T09:30:21,AMZN,273.5886,242
2026-01-02T09:30:21,META,543.9154,364
2026-01-02T09:30:21,GOOGL,368.6549,449
2026-01-02T09:30:21,SPY,761.5111,170
2026-01-02T09:30:21,QQQ,655.4169,628
2026-01-02T09:30:22,AAPL,285.1211,794
2026-01-02T09:30:22,MSFT,380.4699,370
2026-01-02T09:30:22,NVDA,189.4750,433
2026-01-02T09:30:22,TSLA,270.7713,580
2026-01-02T09:30:22,AMD,159.9608,183
2026-01-02T09:30:22,AMZN,273.0046,848
2026-01-02T09:30:22,META,544.3089,196
2026-01-02T09:30:22,GOOGL,368.2502,798
2026-01-02T09:30:22,SPY,762.7254,152
2026-01-02T09:30:22,QQQ,655.0730,556
2026-01-02T09:30:23,AAPL,285.0395,789
2026-01-02T09:30:23,MSFT,381.1664,671
2026-01-02T09:30:23,NVDA,189.4848,319
2026-01-02T09:30:23,TSLA,271.0671,743
2026-01-02T09:30:23,AMD,160.1152,87
2026-01-02T09:30:23,AMZN,273.2007,210
2026-01-02T09:30:23,META,544.6547,659
2026-01-02T09:30:23,GOOGL,367.9623,186
2026-01-02T09:30:23,SPY,762.5281,294
2026-01-02T09:30:23,QQQ,655.2105,196
2026-01-02T09:30:24,AAPL,285.1577,807
2026-01-02T09:30:24,MSFT,381.2233,187
2026-01-02T09:30:24,NVDA,189.3042,285
2026-01-02T09:30:24,TSLA,270.6583,776
2026-01-02T09:30:24,AMD,159.8499,642
2026-01-02T09:30:24,AMZN,273.1297,403
2026-01-02T09:30:24,META,545.1056,558
2026-01-02T09:30:24,GOOGL,368.3983,231
2026-01-02T09:30:24,SPY,760.9867,548
2026-01-02T09:30:24,QQQ,655.2066,89
2026-01-02T09:30:25,AAPL,285.0295,830
2026-01-02T09:30:25,MSFT,380.9701,165
2026-01-02T09:30:25,NVDA,189.1066,785
2026-01-02T09:30:25,TSLA,270.8596,134
2026-01-02T09:30:25,AMD,160.2082,143
2026-01-02T09:30:25,AMZN,273.7662,669
2026-01-02T09:30:25,META,544.8740,330
2026-01-02T09:30:25,GOOGL,367.8825,423
2026-01-02T09:30:25,SPY,760.7867,297
2026-01-02T09:30:25,QQQ,653.9775,337
2026-01-02T09:30:26,AAPL,284.6718,897
2026-01-02T09:30:26,MSFT,381.4773,751
2026-01-02T09:30:26,NVDA,189.3031,270
2026-01-02T09:30:26,TSLA,270.6912,676
2026-01-02T09:30:26,AMD,160.1137,779
2026-01-02T09:30:26,AMZN,273.5825,267
2026-01-02T09:30:26,META,544.9629,272
2026-01-02T09:30:26,GOOGL,368.2797,746
2026-01-02T09:30:26,SPY,762.6813,402
2026-01-02T09:30:26,QQQ,654.7559,401
2026-01-02T09:30:27,AAPL,285.0718,428
2026-01-02T09:30:27,MSFT,380.8342,647
2026-01-02T09:30:27,NVDA,189.3028,540
2026-01-02T09:30:27,TSLA,271.0086,807
2026-01-02T09:30:27,AMD,160.0302,277
2026-01-02T09:30:27,AMZN,273.2059,827
2026-01-02T09:30:27,META,543.6768,468
2026-01-02T09:30:27,GOOGL,367.5853,554
2026-01-02T09:30:27,SPY,762.7003,519
2026-01-02T09:30:27,QQQ,653.9152,239
2026-01-02T09:30:28,AAPL,284.6136,712
2026-01-02T09:30:28,MSFT,380.9807,224
2026-01-02T09:30:28,NVDA,189.0854,672
2026-01-02T09:30:28,TSLA,270.8983,656
2026-01-02T09:30:28,AMD,159.8639,486
2026-01-02T09:30:28,AMZN,273.6548,443
2026-01-02T09:30:28,META,543.9825,799
2026-01-02T09:30:28,GOOGL,367.6379,712
2026-01-02T09:30:28,SPY,761.6302,646
2026-01-02T09:30:28,QQQ,653.9172,93
2026-01-02T09:30:29,AAPL,285.0511,192
2026-01-02T09:30:29,MSFT,381.3125,749
2026-01-02T09:30:29,NVDA,189.0576,457
2026-01-02T09:30:29,TSLA,270.7521,571
2026-01-02T09:30:29,AMD,160.1642,749
2026-01-02T09:30:29,AMZN,273.3099,519
2026-01-02T09:30:29,META,543.9620,430
2026-01-02T09:30:29,GOOGL,367.5912,566
2026-01-02T09:30:29,SPY,761.0578,762
2026-01-02T09:30:29,QQQ,655.2231,439
2026-01-02T09:30:30,AAPL,284.9413,675
2026-01-02T09:30:30,MSFT,380.7039,604
2026-01-02T09:30:30,NVDA,189.2616,796
2026-01-02T09:30:30,TSLA,270.6489,671
2026-01-02T09:30:30,AMD,159.7821,786
2026-01-02T09:30:30,AMZN,273.5403,277
2026-01-02T09:30:30,META,545.1370,623
2026-01-02T09:30:30,GOOGL,368.5408,370
2026-01-02T09:30:30,SPY,760.7706,376
2026-01-02T09:30:30,QQQ,655.1380,207
2026-01-02T09:30:31,AAPL,285.0400,834
2026-01-02T09:30:31,MSFT,381.4710,570
2026-01-02T09:30:31,NVDA,189.1248,301
2026-01-02T09:30:31,TSLA,270.5151,496
2026-01-02T09:30:31,AMD,159.9588,571
2026-01-02T09:30:31,AMZN,273.3206,340
2026-01-02T09:30:31,META,544.4226,753
2026-01-02T09:30:31,GOOGL,368.0262,82
2026-01-02T09:30:31,SPY,760.5381,185
2026-01-02T09:30:31,QQQ,654.7267,753
2026-01-02T09:30:32,AAPL,285.3207,404
2026-01-02T09:30:32,MSFT,380.8159,215
2026-01-02T09:30:32,NVDA,189.4170,115
2026-01-02T09:30:32,TSLA,271.0034,630
2026-01-02T09:30:32,AMD,160.1311,797
2026-01-02T09:30:32,AMZN,273.7773,724
2026-01-02T09:30:32,META,543.9681,345
2026-01-02T09:30:32,GOOGL,367.7188,590
2026-01-02T09:30:32,SPY,762.2964,796
2026-01-02T09:30:32,QQQ,655.7165,382
2026-01-02T09:30:33,AAPL,285.1535,352
2026-01-02T09:30:33,MSFT,380.9807,120
2026-01-02T09:30:33,NVDA,189.1375,548
2026-01-02T09:30:33,TSLA,270.8239,835
2026-01-02T09:30:33,AMD,159.8413,423
2026-01-02T09:30:33,AMZN,273.7715,126
2026-01-02T09:30:33,META,544.0103,241
2026-01-02T09:30:33,GOOGL,368.3427,467
2026-01-02T09:30:33,SPY,760.4076,796
2026-01-02T09:30:33,QQQ,654.1428,444
2026-01-02T09:30:34,AAPL,285.0506,383
2026-01-02T09:30:34,MSFT,380.9268,868
2026-01-02T09:30:34,NVDA,189.2968,364
2026-01-02T09:30:34,TSLA,270.9854,620
2026-01-02T09:30:34,AMD,159.7752,135
2026-01-02T09:30:34,AMZN,273.4809,611
2026-01-02T09:30:34,META,544.1466,736
2026-01-02T09:30:34,GOOGL,367.7161,600
2026-01-02T09:30:34,SPY,762.1037,410
2026-01-02T09:30:34,QQQ,655.0212,724
2026-01-02T09:30:35,AAPL,285.2469,826
2026-01-02T09:30:35,MSFT,380.9267,863
2026-01-02T09:30:35,NVDA,189.4437,770
2026-01-02T09:30:35,TSLA,270.6091,112
2026-01-02T09:30:35,AMD,159.9443,569
2026-01-02T09:30:35,AMZN,273.5840,126
2026-01-02T09:30:35,META,545.2484,132
2026-01-02T09:30:35,GOOGL,367.4165,424
2026-01-02T09:30:35,SPY,761.4120,471
2026-01-02T09:30:35,QQQ,655.2750,288
2026-01-02T09:30:36,AAPL,285.1143,803
2026-01-02T09:30:36,MSFT,381.2727,823
2026-01-02T09:30:36,NVDA,189.3205,384
2026-01-02T09:30:36,TSLA,271.2121,242
2026-01-02T09:30:36,AMD,160.1187,254
2026-01-02T09:30:36,AMZN,273.4439,573
2026-01-02T09:30:36,META,545.1196,604
2026-01-02T09:30:36,GOOGL,367.5774,556
2026-01-02T09:30:36,SPY,761.1741,169
2026-01-02T09:30:36,QQQ,654.2629,548
2026-01-02T09:30:37,AAPL,284.6317,721
2026-01-02T09:30:37,MSFT,381.1850,602
2026-01-02T09:30:37,NVDA,189.4202,515
2026-01-02T09:30:37,TSLA,270.8363,546
2026-01-02T09:30:37,AMD,160.0465,770
2026-01-02T09:30:37,AMZN,273.3709,757
2026-01-02T09:30:37,META,544.8776,786
2026-01-02T09:30:37,GOOGL,368.3566,244
2026-01-02T09:30:37,SPY,761.0699,793
2026-01-02T09:30:37,QQQ,654.2964,692
2026-01-02T09:30:38,AAPL,285.1292,628
2026-01-02T09:30:38,MSFT,380.9254,714
2026-01-02T09:30:38,NVDA,189.2126,568
2026-01-02T09:30:38,TSLA,270.7868,462
2026-01-02T09:30:38,AMD,159.8593,675
2026-01-02T09:30:38,AMZN,273.5129,765
2026-01-02T09:30:38,META,545.3975,291
2026-01-02T09:30:38,GOOGL,367.7089,634
2026-01-02T09:30:38,SPY,760.4149,97
2026-01-02T09:30:38,QQQ,654.0037,174
2026-01-02T09:30:39,AAPL,285.3352,754
2026-01-02T09:30:39,MSFT,380.9585,528
2026-01-02T09:30:39,NVDA,189.1631,354
2026-01-02T09:30:39,TSLA,270.8960,649
2026-01-02T09:30:39,AMD,160.0865,687
2026-01-02T09:30:39,AMZN,273.5605,792
2026-01-02T09:30:39,META,544.8710,85
2026-01-02T09:30:39,GOOGL,367.8258,521
2026-01-02T09:30:39,SPY,762.2342,743
2026-01-02T09:30:39,QQQ,654.7804,827
2026-01-02T09:30:40,AAPL,284.9351,772
2026-01-02T09:30:40,MSFT,381.1494,684
2026-01-02T09:30:40,NVDA,189.6038,772
2026-01-02T09:30:40,TSLA,270.8812,859
2026-01-02T09:30:40,AMD,159.8251,841
2026-01-02T09:30:40,AMZN,273.7621,163
2026-01-02T09:30:40,META,545.1662,89
2026-01-02T09:30:40,GOOGL,367.6309,362
2026-01-02T09:30:40,SPY,760.2192,772
2026-01-02T09:30:40,QQQ,654.5739,328
2026-01-02T09:30:41,AAPL,285.1689,543
2026-01-02T09:30:41,MSFT,380.8325,395
2026-01-02T09:30:41,NVDA,189.3719,540
2026-01-02T09:30:41,TSLA,270.5673,671
2026-01-02T09:30:41,AMD,159.9529,109
2026-01-02T09:30:41,AMZN,273.8129,226
2026-01-02T09:30:41,META,543.9174,718
2026-01-02T09:30:41,GOOGL,367.6383,308
2026-01-02T09:30:41,SPY,760.7498,620
2026-01-02T09:30:41,QQQ,655.4031,416
2026-01-02T09:30:42,AAPL,284.6973,526
2026-01-02T09:30:42,MSFT,381.3629,133
2026-01-02T09:30:42,NVDA,189.6072,661
2026-01-02T09:30:42,TSLA,271.1413,421
2026-01-02T09:30:42,AMD,159.9216,299
2026-01-02T09:30:42,AMZN,273.4551,499
2026-01-02T09:30:42,META,544.1182,801
2026-01-02T09:30:42,GOOGL,367.7129,111
2026-01-02T09:30:42,SPY,760.2391,799
2026-01-02T09:30:42,QQQ,654.3042,443
2026-01-02T09:30:43,AAPL,284.9454,840
2026-01-02T09:30:43,MSFT,380.9635,539
2026-01-02T09:30:43,NVDA,189.1481,330
2026-01-02T09:30:43,TSLA,270.6793,630
2026-01-02T09:30:43,AMD,160.0985,491
2026-01-02T09:30:43,AMZN,273.3279,215
2026-01-02T09:30:43,META,544.5121,335
2026-01-02T09:30:43,GOOGL,368.2742,811
2026-01-02T09:30:43,SPY,761.6999,376
2026-01-02T09:30:43,QQQ,655.0727,407
2026-01-02T09:30:44,AAPL,285.0908,764
2026-01-02T09:30:44,MSFT,380.7795,673
2026-01-02T09:30:44,NVDA,189.1987,704
2026-01-02T09:30:44,TSLA,270.5492,480
2026-01-02T09:30:44,AMD,159.6673,844
2026-01-02T09:30:44,AMZN,273.9004,603
2026-01-02T09:30:44,META,544.0133,715
2026-01-02T09:30:44,GOOGL,368.1577,125
2026-01-02T09:30:44,SPY,760.7898,658
2026-01-02T09:30:44,QQQ,654.0133,893
2026-01-02T09:30:45,AAPL,285.3254,340
2026-01-02T09:30:45,MSFT,381.6347,880
2026-01-02T09:30:45,NVDA,189.1826,451
2026-01-02T09:30:45,TSLA,270.9919,595
2026-01-02T09:30:45,AMD,159.8206,146
2026-01-02T09:30:45,AMZN,273.8817,615
2026-01-02T09:30:45,META,544.7180,698
2026-01-02T09:30:45,GOOGL,368.2663,510
2026-01-02T09:30:45,SPY,760.6188,631
2026-01-02T09:30:45,QQQ,654.9676,366
2026-01-02T09:30:46,AAPL,285.1121,203
2026-01-02T09:30:46,MSFT,381.6004,472
2026-01-02T09:30:46,NVDA,189.3739,389
2026-01-02T09:30:46,TSLA,271.0062,339
2026-01-02T09:30:46,AMD,160.0563,396
2026-01-02T09:30:46,AMZN,273.9685,705
2026-01-02T09:30:46,META,544.4036,337
2026-01-02T09:30:46,GOOGL,368.2831,339
2026-01-02T09:30:46,SPY,760.9229,385
2026-01-02T09:30:46,QQQ,654.4439,535
2026-01-02T09:30:47,AAPL,284.7401,309
2026-01-02T09:30:47,MSFT,381.7351,550
2026-01-02T09:30:47,NVDA,189.1238,800
2026-01-02T09:30:47,TSLA,270.5449,637
2026-01-02T09:30:47,AMD,159.9463,272
2026-01-02T09:30:47,AMZN,273.8354,213
2026-01-02T09:30:47,META,545.4584,672
2026-01-02T09:30:47,GOOGL,368.0751,717
2026-01-02T09:30:47,SPY,760.6208,696
2026-01-02T09:30:47,QQQ,653.5783,700
2026-01-02T09:30:48,AAPL,285.0691,283
2026-01-02T09:30:48,MSFT,381.7724,831
2026-01-02T09:30:48,NVDA,189.5488,726
2026-01-02T09:30:48,TSLA,270.9787,301
2026-01-02T09:30:48,AMD,159.7528,453
2026-01-02T09:30:48,AMZN,273.8090,649
2026-01-02T09:30:48,META,545.0175,360
2026-01-02T09:30:48,GOOGL,367.5654,745
2026-01-02T09:30:48,SPY,760.0985,580
2026-01-02T09:30:48,QQQ,653.6078,294
2026-01-02T09:30:49,AAPL,284.8167,484
2026-01-02T09:30:49,MSFT,381.0478,525
2026-01-02T09:30:49,NVDA,189.3539,742
2026-01-02T09:30:49,TSLA,271.2589,801
2026-01-02T09:30:49,AMD,159.9899,709
2026-01-02T09:30:49,AMZN,273.5435,774
2026-01-02T09:30:49,META,545.3022,894
2026-01-02T09:30:49,GOOGL,367.3343,591
2026-01-02T09:30:49,SPY,761.9194,488
2026-01-02T09:30:49,QQQ,654.2499,85
2026-01-02T09:30:50,AAPL,284.8269,568
2026-01-02T09:30:50,MSFT,381.0798,425
2026-01-02T09:30:50,NVDA,189.2995,640
2026-01-02T09:30:50,TSLA,270.6136,355
2026-01-02T09:30:50,AMD,159.9381,137
2026-01-02T09:30:50,AMZN,273.2592,363
2026-01-02T09:30:50,META,544.7312,479
2026-01-02T09:30:50,GOOGL,368.2575,597
2026-01-02T09:30:50,SPY,761.9954,269
2026-01-02T09:30:50,QQQ,654.3022,584
2026-01-02T09:30:51,AAPL,284.7901,860
2026-01-02T09:30:51,MSFT,381.3247,746
2026-01-02T09:30:51,NVDA,189.3020,553
2026-01-02T09:30:51,TSLA,271.3052,194
2026-01-02T09:30:51,AMD,159.9208,818
2026-01-02T09:30:51,AMZN,273.6395,486
2026-01-02T09:30:51,META,544.1687,385
2026-01-02T09:30:51,GOOGL,368.0106,570
2026-01-02T09:30:51,SPY,761.8624,121
2026-01-02T09:30:51,QQQ,654.7215,841
2026-01-02T09:30:52,AAPL,285.2556,291
2026-01-02T09:30:52,MSFT,381.8609,852
2026-01-02T09:30:52,NVDA,189.1455,856
2026-01-02T09:30:52,TSLA,271.0458,185
2026-01-02T09:30:52,AMD,159.7326,764
2026-01-02T09:30:52,AMZN,273.3639,336
2026-01-02T09:30:52,META,544.7379,244
2026-01-02T09:30:52,GOOGL,367.5050,680
2026-01-02T09:30:52,SPY,760.3465,404
2026-01-02T09:30:52,QQQ,653.8336,325
2026-01-02T09:30:53,AAPL,285.4084,854
2026-01-02T09:30:53,MSFT,381.0579,284
2026-01-02T09:30:53,NVDA,189.5639,238
2026-01-02T09:30:53,TSLA,270.6605,622
2026-01-02T09:30:53,AMD,160.0490,100
2026-01-02T09:30:53,AMZN,273.3233,396
2026-01-02T09:30:53,META,545.6038,889
2026-01-02T09:30:53,GOOGL,367.2966,427
2026-01-02T09:30:53,SPY,761.5400,307
2026-01-02T09:30:53,QQQ,653.4286,635
2026-01-02T09:30:54,AAPL,285.1971,485
2026-01-02T09:30:54,MSFT,381.6026,191
2026-01-02T09:30:54,NVDA,189.5542,201
2026-01-02T09:30:54,TSLA,271.3646,391
2026-01-02T09:30:54,AMD,159.9276,702
2026-01-02T09:30:54,AMZN,273.5224,301
2026-01-02T09:30:54,META,545.0822,136
2026-01-02T09:30:54,GOOGL,367.7111,222
2026-01-02T09:30:54,SPY,759.9143,741
2026-01-02T09:30:54,QQQ,654.5658,451
2026-01-02T09:30:55,AAPL,285.1898,825
2026-01-02T09:30:55,MSFT,381.0308,896
2026-01-02T09:30:55,NVDA,189.2392,730
2026-01-02T09:30:55,TSLA,270.7679,399
2026-01-02T09:30:55,AMD,159.6585,319
2026-01-02T09:30:55,AMZN,273.6508,853
2026-01-02T09:30:55,META,544.9396,210
2026-01-02T09:30:55,GOOGL,367.6793,277
2026-01-02T09:30:55,SPY,760.3721,506
2026-01-02T09:30:55,QQQ,653.7766,136
2026-01-02T09:30:56,AAPL,285.0384,628
2026-01-02T09:30:56,MSFT,381.4537,529
2026-01-02T09:30:56,NVDA,189.5301,857
2026-01-02T09:30:56,TSLA,271.1600,731
2026-01-02T09:30:56,AMD,160.0100,524
2026-01-02T09:30:56,AMZN,273.8171,638
2026-01-02T09:30:56,META,544.5537,177
2026-01-02T09:30:56,GOOGL,367.9443,629
2026-01-02T09:30:56,SPY,761.7681,221
2026-01-02T09:30:56,QQQ,653.7726,279
2026-01-02T09:30:57,AAPL,284.9449,377
2026-01-02T09:30:57,MSFT,381.2177,587
2026-01-02T09:30:57,NVDA,189.2704,572
2026-01-02T09:30:57,TSLA,270.8870,824
2026-01-02T09:30:57,AMD,159.9139,446
2026-01-02T09:30:57,AMZN,273.6427,236
2026-01-02T09:30:57,META,544.2738,344
2026-01-02T09:30:57,GOOGL,367.5960,698
2026-01-02T09:30:57,SPY,759.8014,497
2026-01-02T09:30:57,QQQ,654.1010,319
2026-01-02T09:30:58,AAPL,284.9302,899
2026-01-02T09:30:58,MSFT,381.3817,186
2026-01-02T09:30:58,NVDA,189.4654,339
2026-01-02T09:30:58,TSLA,270.9831,256
2026-01-02T09:30:58,AMD,159.9248,138
2026-01-02T09:30:58,AMZN,273.3332,81
2026-01-02T09:30:58,META,544.4487,140
2026-01-02T09:30:58,GOOGL,367.8281,804
2026-01-02T09:30:58,SPY,760.1019,890
2026-01-02T09:30:58,QQQ,653.9935,375
2026-01-02T09:30:59,AAPL,285.1140,114
2026-01-02T09:30:59,MSFT,380.8830,874
2026-01-02T09:30:59,NVDA,189.4820,362
2026-01-02T09:30:59,TSLA,271.1705,589
2026-01-02T09:30:59,AMD,159.5711,614
2026-01-02T09:30:59,AMZN,273.6108,896
2026-01-02T09:30:59,META,544.5119,227
2026-01-02T09:30:59,GOOGL,367.2570,663
2026-01-02T09:30:59,SPY,760.8751,152
2026-01-02T09:30:59,QQQ,654.7906,576
2026-01-02T09:30:00,AAPL,285.6169,242
2026-01-02T09:30:00,MSFT,381.1570,178
2026-01-02T09:30:00,NVDA,189.7486,678
2026-01-02T09:30:00,TSLA,271.3352,114
2026-01-02T09:30:00,AMD,159.5970,272
2026-01-02T09:30:00,AMZN,273.6837,197
2026-01-02T09:30:00,META,545.1383,177
2026-01-02T09:30:00,GOOGL,368.0959,317
2026-01-02T09:30:00,SPY,759.6252,244
2026-01-02T09:30:00,QQQ,653.2947,546
2026-01-02T09:30:01,AAPL,285.4740,233
2026-01-02T09:30:01,MSFT,381.3292,215
2026-01-02T09:30:01,NVDA,189.2656,388
2026-01-02T09:30:01,TSLA,270.9814,894
2026-01-02T09:30:01,AMD,159.6043,507
2026-01-02T09:30:01,AMZN,273.6394,654
2026-01-02T09:30:01,META,544.6882,388
2026-01-02T09:30:01,GOOGL,367.5633,342
2026-01-02T09:30:01,SPY,760.3750,521
2026-01-02T09:30:01,QQQ,654.1536,773
2026-01-02T09:30:02,AAPL,285.2987,359
2026-01-02T09:30:02,MSFT,381.8441,196
2026-01-02T09:30:02,NVDA,189.6713,301
2026-01-02T09:30:02,TSLA,270.8407,650
2026-01-02T09:30:02,AMD,159.5609,860
2026-01-02T09:30:02,AMZN,273.7444,129
2026-01-02T09:30:02,META,544.7171,653
2026-01-02T09:30:02,GOOGL,368.0798,651
2026-01-02T09:30:02,SPY,760.2336,573
2026-01-02T09:30:02,QQQ,653.6757,312
2026-01-02T09:30:03,AAPL,284.9062,205
2026-01-02T09:30:03,MSFT,380.9675,221
2026-01-02T09:30:03,NVDA,189.2721,245
2026-01-02T09:30:03,TSLA,270.9601,290
2026-01-02T09:30:03,AMD,159.5567,365
2026-01-02T09:30:03,AMZN,273.7371,805
2026-01-02T09:30:03,META,544.5457,652
2026-01-02T09:30:03,GOOGL,367.3343,442
2026-01-02T09:30:03,SPY,761.1266,135
2026-01-02T09:30:03,QQQ,654.7137,433
2026-01-02T09:30:04,AAPL,285.4027,531
2026-01-02T09:30:04,MSFT,381.5212,634
2026-01-02T09:30:04,NVDA,189.2682,503
2026-01-02T09:30:04,TSLA,270.8575,763
2026-01-02T09:30:04,AMD,159.9698,347
2026-01-02T09:30:04,AMZN,273.7278,253
2026-01-02T09:30:04,META,544.7439,685
2026-01-02T09:30:04,GOOGL,367.5198,848
2026-01-02T09:30:04,SPY,760.6273,733
2026-01-02T09:30:04,QQQ,654.1704,787
2026-01-02T09:30:05,AAPL,285.1261,548
2026-01-02T09:30:05,MSFT,381.5147,530
2026-01-02T09:30:05,NVDA,189.5420,113
2026-01-02T09:30:05,TSLA,271.0949,126
2026-01-02T09:30:05,AMD,159.9226,154
2026-01-02T09:30:05,AMZN,274.0873,600
2026-01-02T09:30:05,META,545.8818,844
2026-01-02T09:30:05,GOOGL,367.7154,82
2026-01-02T09:30:05,SPY,761.1733,639
2026-01-02T09:30:05,QQQ,654.1141,365
2026-01-02T09:30:06,AAPL,285.0650,737
2026-01-02T09:30:06,MSFT,381.6544,178
2026-01-02T09:30:06,NVDA,189.6357,474
2026-01-02T09:30:06,TSLA,271.2419,516
2026-01-02T09:30:06,AMD,159.6491,211
2026-01-02T09:30:06,AMZN,273.8947,548
2026-01-02T09:30:06,META,545.1181,619
2026-01-02T09:30:06,GOOGL,367.0099,640
2026-01-02T09:30:06,SPY,761.6895,504
2026-01-02T09:30:06,QQQ,654.4378,891
2026-01-02T09:30:07,AAPL,285.3675,146
2026-01-02T09:30:07,MSFT,381.3593,830
2026-01-02T09:30:07,NVDA,189.5072,507
2026-01-02T09:30:07,TSLA,270.7134,704
2026-01-02T09:30:07,AMD,159.8982,546
2026-01-02T09:30:07,AMZN,273.8811,509
2026-01-02T09:30:07,META,544.9429,802
2026-01-02T09:30:07,GOOGL,367.8933,638
2026-01-02T09:30:07,SPY,760.2447,613
2026-01-02T09:30:07,QQQ,654.4196,405
2026-01-02T09:30:08,AAPL,285.6569,745
2026-01-02T09:30:08,MSFT,381.8822,216
2026-01-02T09:30:08,NVDA,189.7140,143
2026-01-02T09:30:08,TSLA,270.7870,151
2026-01-02T09:30:08,AMD,159.6188,784
2026-01-02T09:30:08,AMZN,274.0289,296
2026-01-02T09:30:08,META,545.0666,887
2026-01-02T09:30:08,GOOGL,367.0580,397
2026-01-02T09:30:08,SPY,761.2127,532
2026-01-02T09:30:08,QQQ,654.0200,616
2026-01-02T09:30:09,AAPL,285.5775,330
2026-01-02T09:30:09,MSFT,382.1327,292
2026-01-02T09:30:09,NVDA,189.5755,153
2026-01-02T09:30:09,TSLA,271.1522,109
2026-01-02T09:30:09,AMD,159.8494,479
2026-01-02T09:30:09,AMZN,273.5268,635
2026-01-02T09:30:09,META,545.4806,826
2026-01-02T09:30:09,GOOGL,367.8857,547
2026-01-02T09:30:09,SPY,761.0413,334
2026-01-02T09:30:09,QQQ,653.5405,384
2026-01-02T09:30:10,AAPL,285.1858,462
2026-01-02T09:30:10,MSFT,382.0370,279
2026-01-02T09:30:10,NVDA,189.7873,580
2026-01-02T09:30:10,TSLA,271.2553,879
2026-01-02T09:30:10,AMD,159.8609,666
2026-01-02T09:30:10,AMZN,273.9465,265
2026-01-02T09:30:10,META,545.4892,409
2026-01-02T09:30:10,GOOGL,367.4527,247
2026-01-02T09:30:10,SPY,761.5147,199
2026-01-02T09:30:10,QQQ,654.7894,282
2026-01-02T09:30:11,AAPL,285.1351,565
2026-01-02T09:30:11,MSFT,382.0632,580
2026-01-02T09:30:11,NVDA,189.4804,338
2026-01-02T09:30:11,TSLA,271.1126,165
2026-01-02T09:30:11,AMD,159.5037,811
2026-01-02T09:30:11,AMZN,273.6876,595
2026-01-02T09:30:11,META,545.2177,613
2026-01-02T09:30:11,GOOGL,367.1348,851
2026-01-02T09:30:11,SPY,761.2547,753
2026-01-02T09:30:11,QQQ,654.7982,227
2026-01-02T09:30:12,AAPL,285.7209,154
2026-01-02T09:30:12,MSFT,381.6998,844
2026-01-02T09:30:12,NVDA,189.4100,94
2026-01-02T09:30:12,TSLA,271.3492,116
2026-01-02T09:30:12,AMD,159.8025,205
2026-01-02T09:30:12,AMZN,274.0886,747
2026-01-02T09:30:12,META,545.0494,351
2026-01-02T09:30:12,GOOGL,368.0169,555
2026-01-02T09:30:12,SPY,760.1455,302
2026-01-02T09:30:12,QQQ,654.6333,207
2026-01-02T09:30:13,AAPL,285.7176,776
2026-01-02T09:30:13,MSFT,381.6183,853
2026-01-02T09:30:13,NVDA,189.4827,122
2026-01-02T09:30:13,TSLA,271.1454,844
2026-01-02T09:30:13,AMD,159.9159,469
2026-01-02T09:30:13,AMZN,274.1600,738
2026-01-02T09:30:13,META,544.5588,237
2026-01-02T09:30:13,GOOGL,367.7284,569
2026-01-02T09:30:13,SPY,760.6773,427
2026-01-02T09:30:13,QQQ,654.1518,150
2026-01-02T09:30:14,AAPL,284.9315,486
2026-01-02T09:30:14,MSFT,381.9224,622
2026-01-02T09:30:14,NVDA,189.3159,104
2026-01-02T09:30:14,TSLA,270.9228,626
2026-01-02T09:30:14,AMD,159.7423,609
2026-01-02T09:30:14,AMZN,273.6404,774
2026-01-02T09:30:14,META,545.3891,803
2026-01-02T09:30:14,GOOGL,367.4522,139
2026-01-02T09:30:14,SPY,759.4422,461
2026-01-02T09:30:14,QQQ,654.4876,778
2026-01-02T09:30:15,AAPL,285.7443,739
2026-01-02T09:30:15,MSFT,381.5955,766
2026-01-02T09:30:15,NVDA,189.3616,752
2026-01-02T09:30:15,TSLA,271.0914,282
2026-01-02T09:30:15,AMD,159.5366,862
2026-01-02T09:30:15,AMZN,274.2373,284
2026-01-02T09:30:15,META,544.9208,487
2026-01-02T09:30:15,GOOGL,367.3999,799
2026-01-02T09:30:15,SPY,759.5521,500
2026-01-02T09:30:15,QQQ,654.6008,713
2026-01-02T09:30:16,AAPL,285.1579,355
2026-01-02T09:30:16,MSFT,382.0508,877
2026-01-02T09:30:16,NVDA,189.6051,569
2026-01-02T09:30:16,TSLA,271.4514,668
2026-01-02T09:30:16,AMD,159.4908,315
2026-01-02T09:30:16,AMZN,274.1545,441
2026-01-02T09:30:16,META,544.9691,609
2026-01-02T09:30:16,GOOGL,367.5088,102
2026-01-02T09:30:16,SPY,761.1160,542
2026-01-02T09:30:16,QQQ,653.5937,286
2026-01-02T09:30:17,AAPL,285.3087,490
2026-01-02T09:30:17,MSFT,381.1591,643
2026-01-02T09:30:17,NVDA,189.5960,216
2026-01-02T09:30:17,TSLA,271.5815,278
2026-01-02T09:30:17,AMD,159.4600,646
2026-01-02T09:30:17,AMZN,273.5799,878
2026-01-02T09:30:17,META,546.0766,617
2026-01-02T09:30:17,GOOGL,367.1834,620
2026-01-02T09:30:17,SPY,759.5494,844
2026-01-02T09:30:17,QQQ,652.9995,820
2026-01-02T09:30:18,AAPL,285.0158,381
2026-01-02T09:30:18,MSFT,381.4354,327
2026-01-02T09:30:18,NVDA,189.6189,633
2026-01-02T09:30:18,TSLA,271.5807,297
2026-01-02T09:30:18,AMD,159.4988,752
2026-01-02T09:30:18,AMZN,273.9500,466
2026-01-02T09:30:18,META,545.4308,109
2026-01-02T09:30:18,GOOGL,367.5906,559
2026-01-02T09:30:18,SPY,761.3455,540
2026-01-02T09:30:18,QQQ,652.7423,798
2026-01-02T09:30:19,AAPL,285.5545,582
2026-01-02T09:30:19,MSFT,381.6810,573
2026-01-02T09:30:19,NVDA,189.6806,340
2026-01-02T09:30:19,TSLA,271.4320,586
2026-01-02T09:30:19,AMD,159.8349,628
2026-01-02T09:30:19,AMZN,273.5300,738
2026-01-02T09:30:19,META,545.0778,99
2026-01-02T09:30:19,GOOGL,366.8992,393
2026-01-02T09:30:19,SPY,759.8885,514
2026-01-02T09:30:19,QQQ,653.0724,882
2026-01-02T09:30:20,AAPL,285.2131,275
2026-01-02T09:30:20,MSFT,381.1945,257
2026-01-02T09:30:20,NVDA,189.5429,770
2026-01-02T09:30:20,TSLA,271.5662,368
2026-01-02T09:30:20,AMD,159.5467,151
2026-01-02T09:30:20,AMZN,273.6099,829
2026-01-02T09:30:20,META,545.7469,338
2026-01-02T09:30:20,GOOGL,367.0662,320
2026-01-02T09:30:20,SPY,759.2957,188
2026-01-02T09:30:20,QQQ,653.7977,852
2026-01-02T09:30:21,AAPL,285.2828,222
2026-01-02T09:30:21,MSFT,381.7708,483
2026-01-02T09:30:21,NVDA,189.4209,179
2026-01-02T09:30:21,TSLA,270.9366,306
2026-01-02T09:30:21,AMD,159.5056,494
2026-01-02T09:30:21,AMZN,273.5200,357
2026-01-02T09:30:21,META,546.0310,126
2026-01-02T09:30:21,GOOGL,367.2544,323
2026-01-02T09:30:21,SPY,759.7364,515
2026-01-02T09:30:21,QQQ,654.5399,442
2026-01-02T09:30:22,AAPL,285.0830,566
2026-01-02T09:30:22,MSFT,382.1705,779
2026-01-02T09:30:22,NVDA,189.8400,472
2026-01-02T09:30:22,TSLA,271.4080,458
2026-01-02T09:30:22,AMD,159.5231,120
2026-01-02T09:30:22,AMZN,273.5612,437
2026-01-02T09:30:22,META,545.7713,373
2026-01-02T09:30:22,GOOGL,367.3734,535
2026-01-02T09:30:22,SPY,760.2784,149
2026-01-02T09:30:22,QQQ,653.8158,456
2026-01-02T09:30:23,AAPL,285.0373,861
2026-01-02T09:30:23,MSFT,382.0449,881
2026-01-02T09:30:23,NVDA,189.5758,773
2026-01-02T09:30:23,TSLA,271.1349,469
2026-01-02T09:30:23,AMD,159.8099,522
2026-01-02T09:30:23,AMZN,274.2550,403
2026-01-02T09:30:23,META,544.7282,659
2026-01-02T09:30:23,GOOGL,367.2145,607
2026-01-02T09:30:23,SPY,759.1663,668
2026-01-02T09:30:23,QQQ,652.9058,614
2026-01-02T09:30:24,AAPL,285.1587,119
2026-01-02T09:30:24,MSFT,381.6508,249
2026-01-02T09:30:24,NVDA,189.7726,551
2026-01-02T09:30:24,TSLA,271.3845,789
2026-01-02T09:30:24,AMD,159.6116,591
2026-01-02T09:30:24,AMZN,273.6541,396
2026-01-02T09:30:24,META,545.6183,241
2026-01-02T09:30:24,GOOGL,366.8563,527
2026-01-02T09:30:24,SPY,760.1835,849
2026-01-02T09:30:24,QQQ,652.9886,159
2026-01-02T09:30:25,AAPL,285.3892,437
2026-01-02T09:30:25,MSFT,382.3114,496
2026-01-02T09:30:25,NVDA,189.6602,577
2026-01-02T09:30:25,TSLA,271.1885,123
2026-01-02T09:30:25,AMD,159.8585,407
2026-01-02T09:30:25,AMZN,274.1634,186
2026-01-02T09:30:25,META,545.3201,900
2026-01-02T09:30:25,GOOGL,367.1585,623
2026-01-02T09:30:25,SPY,759.7853,618
2026-01-02T09:30:25,QQQ,652.5770,334
2026-01-02T09:30:26,AAPL,285.6634,547
2026-01-02T09:30:26,MSFT,381.5968,779
2026-01-02T09:30:26,NVDA,189.4737,774
2026-01-02T09:30:26,TSLA,271.4150,308
2026-01-02T09:30:26,AMD,159.8086,374
2026-01-02T09:30:26,AMZN,274.2976,809
2026-01-02T09:30:26,META,545.1677,316
2026-01-02T09:30:26,GOOGL,367.1679,612
2026-01-02T09:30:26,SPY,761.0966,738
2026-01-02T09:30:26,QQQ,653.2253,98
2026-01-02T09:30:27,AAPL,285.8512,896
2026-01-02T09:30:27,MSFT,382.3532,479
2026-01-02T09:30:27,NVDA,189.8360,439
2026-01-02T09:30:27,TSLA,271.3413,328
2026-01-02T09:30:27,AMD,159.6202,766
2026-01-02T09:30:27,AMZN,274.1657,815
2026-01-02T09:30:27,META,546.3274,623
2026-01-02T09:30:27,GOOGL,366.8972,735
2026-01-02T09:30:27,SPY,758.8788,691
2026-01-02T09:30:27,QQQ,654.3310,237
2026-01-02T09:30:28,AAPL,285.8061,227
2026-01-02T09:30:28,MSFT,381.5123,690
2026-01-02T09:30:28,NVDA,189.7094,349
2026-01-02T09:30:28,TSLA,271.6997,485
2026-01-02T09:30:28,AMD,159.3986,278
2026-01-02T09:30:28,AMZN,274.2993,382
2026-01-02T09:30:28,META,546.2478,542
2026-01-02T09:30:28,GOOGL,367.7424,229
2026-01-02T09:30:28,SPY,759.7774,898
2026-01-02T09:30:28,QQQ,654.3819,856
2026-01-02T09:30:29,AAPL,285.7506,87
2026-01-02T09:30:29,MSFT,381.3172,117
2026-01-02T09:30:29,NVDA,189.5766,449
2026-01-02T09:30:29,TSLA,271.6846,725
2026-01-02T09:30:29,AMD,159.7663,747
2026-01-02T09:30:29,AMZN,274.3481,786
2026-01-02T09:30:29,META,545.7988,830
2026-01-02T09:30:29,GOOGL,366.7087,832
2026-01-02T09:30:29,SPY,760.1844,358
2026-01-02T09:30:29,QQQ,654.1301,819
2026-01-02T09:30:30,AAPL,285.3139,128
2026-01-02T09:30:30,MSFT,381.6273,894
2026-01-02T09:30:30,NVDA,189.9234,204
2026-01-02T09:30:30,TSLA,271.5502,184
2026-01-02T09:30:30,AMD,159.6908,529
2026-01-02T09:30:30,AMZN,273.7470,638
2026-01-02T09:30:30,META,546.0201,806
2026-01-02T09:30:30,GOOGL,367.6983,565
2026-01-02T09:30:30,SPY,759.4871,443
2026-01-02T09:30:30,QQQ,653.4150,712
2026-01-02T09:30:31,AAPL,285.4976,421
2026-01-02T09:30:31,MSFT,382.1066,132
2026-01-02T09:30:31,NVDA,189.9126,159
2026-01-02T09:30:31,TSLA,271.2250,703
2026-01-02T09:30:31,AMD,159.5788,280
2026-01-02T09:30:31,AMZN,273.6557,501
2026-01-02T09:30:31,META,546.0045,179
2026-01-02T09:30:31,GOOGL,367.2346,576
2026-01-02T09:30:31,SPY,759.5140,763
2026-01-02T09:30:31,QQQ,652.5672,426
2026-01-02T09:30:32,AAPL,285.8186,840
2026-01-02T09:30:32,MSFT,381.5186,709
2026-01-02T09:30:32,NVDA,189.5532,282
2026-01-02T09:30:32,TSLA,271.4575,315
2026-01-02T09:30:32,AMD,159.4813,112
2026-01-02T09:30:32,AMZN,274.1629,780
2026-01-02T09:30:32,META,545.6837,245
2026-01-02T09:30:32,GOOGL,367.3621,479
2026-01-02T09:30:32,SPY,759.3520,671
2026-01-02T09:30:32,QQQ,653.4911,483
2026-01-02T09:30:33,AAPL,285.5561,400
2026-01-02T09:30:33,MSFT,382.4270,133
2026-01-02T09:30:33,NVDA,189.7253,495
2026-01-02T09:30:33,TSLA,271.5886,501
2026-01-02T09:30:33,AMD,159.5441,606
2026-01-02T09:30:33,AMZN,273.7524,82
2026-01-02T09:30:33,META,545.1622,554
2026-01-02T09:30:33,GOOGL,366.9458,239
2026-01-02T09:30:33,SPY,759.1029,497
2026-01-02T09:30:33,QQQ,653.1933,279
2026-01-02T09:30:34,AAPL,285.9063,247
2026-01-02T09:30:34,MSFT,381.4969,132
2026-01-02T09:30:34,NVDA,189.5281,147
2026-01-02T09:30:34,TSLA,271.4082,882
2026-01-02T09:30:34,AMD,159.4226,369
2026-01-02T09:30:34,AMZN,273.9826,129
2026-01-02T09:30:34,META,545.2717,229
2026-01-02T09:30:34,GOOGL,367.5924,660
2026-01-02T09:30:34,SPY,759.9975,651
2026-01-02T09:30:34,QQQ,653.8790,528
2026-01-02T09:30:35,AAPL,285.1831,811
2026-01-02T09:30:35,MSFT,382.1847,763
2026-01-02T09:30:35,NVDA,189.5659,166
2026-01-02T09:30:35,TSLA,271.4043,398
2026-01-02T09:30:35,AMD,159.5760,115
2026-01-02T09:30:35,AMZN,273.7566,647
2026-01-02T09:30:35,META,545.5482,258
2026-01-02T09:30:35,GOOGL,367.0257,748
2026-01-02T09:30:35,SPY,759.1425,458
2026-01-02T09:30:35,QQQ,652.5359,390
2026-01-02T09:30:36,AAPL,285.5661,511
2026-01-02T09:30:36,MSFT,381.4392,839
2026-01-02T09:30:36,NVDA,189.4308,576
2026-01-02T09:30:36,TSLA,271.4102,740
2026-01-02T09:30:36,AMD,159.4474,390
2026-01-02T09:30:36,AMZN,273.9501,792
2026-01-02T09:30:36,META,546.3666,238
2026-01-02T09:30:36,GOOGL,366.9301,888
2026-01-02T09:30:36,SPY,759.5642,833
2026-01-02T09:30:36,QQQ,652.5237,659
2026-01-02T09:30:37,AAPL,285.5882,173
2026-01-02T09:30:37,MSFT,382.3504,792
2026-01-02T09:30:37,NVDA,189.5871,411
2026-01-02T09:30:37,TSLA,271.1758,874
2026-01-02T09:30:37,AMD,159.6469,696
2026-01-02T09:30:37,AMZN,274.3926,626
2026-01-02T09:30:37,META,545.4746,155
2026-01-02T09:30:37,GOOGL,367.3527,246
2026-01-02T09:30:37,SPY,759.9685,261
2026-01-02T09:30:37,QQQ,653.6789,674
2026-01-02T09:30:38,AAPL,285.5074,252
2026-01-02T09:30:38,MSFT,381.5056,320
2026-01-02T09:30:38,NVDA,189.9986,270
2026-01-02T09:30:38,TSLA,271.6057,530
2026-01-02T09:30:38,AMD,159.3537,269
2026-01-02T09:30:38,AMZN,273.9725,396
2026-01-02T09:30:38,META,545.4068,613
2026-01-02T09:30:38,GOOGL,366.7613,880
2026-01-02T09:30:38,SPY,758.7078,773
2026-01-02T09:30:38,QQQ,653.0639,450
2026-01-02T09:30:39,AAPL,285.4381,548
2026-01-02T09:30:39,MSFT,382.4921,554
2026-01-02T09:30:39,NVDA,189.8819,853
2026-01-02T09:30:39,TSLA,271.1180,436
2026-01-02T09:30:39,AMD,159.4019,693
2026-01-02T09:30:39,AMZN,274.4807,670
2026-01-02T09:30:39,META,546.3466,588
2026-01-02T09:30:39,GOOGL,367.4160,468
2026-01-02T09:30:39,SPY,759.9853,525
2026-01-02T09:30:39,QQQ,652.3598,794
2026-01-02T09:31:40,AAPL,285.7419,347
2026-01-02T09:31:40,MSFT,382.1035,790
2026-01-02T09:31:40,NVDA,189.9397,591
2026-01-02T09:31:40,TSLA,271.2910,794
2026-01-02T09:31:40,AMD,159.4520,184
2026-01-02T09:31:40,AMZN,273.7811,746
2026-01-02T09:31:40,META,546.3147,716
2026-01-02T09:31:40,GOOGL,367.4974,665
2026-01-02T09:31:40,SPY,760.5578,851
2026-01-02T09:31:40,QQQ,653.8445,324
2026-01-02T09:31:41,AAPL,285.3752,474
2026-01-02T09:31:41,MSFT,382.4550,769
2026-01-02T09:31:41,NVDA,189.6495,219
2026-01-02T09:31:41,TSLA,271.7747,284
2026-01-02T09:31:41,AMD,159.6166,104
2026-01-02T09:31:41,AMZN,273.9019,657
2026-01-02T09:31:41,META,545.1190,167
2026-01-02T09:31:41,GOOGL,367.6325,836
2026-01-02T09:31:41,SPY,760.6058,394
2026-01-02T09:31:41,QQQ,652.2831,567
2026-01-02T09:31:42,AAPL,285.4143,372
2026-01-02T09:31:42,MSFT,382.1291,224
2026-01-02T09:31:42,NVDA,189.4681,650
2026-01-02T09:31:42,TSLA,271.1931,281
2026-01-02T09:31:42,AMD,159.5403,444
2026-01-02T09:31:42,AMZN,274.3673,90
2026-01-02T09:31:42,META,546.3401,518
2026-01-02T09:31:42,GOOGL,367.4482,220
2026-01-02T09:31:42,SPY,760.5603,877
2026-01-02T09:31:42,QQQ,652.3487,398
2026-01-02T09:31:43,AAPL,285.3331,729
2026-01-02T09:31:43,MSFT,382.2170,446
2026-01-02T09:31:43,NVDA,189.9550,169
2026-01-02T09:31:43,TSLA,271.3855,225
2026-01-02T09:31:43,AMD,159.7087,684
2026-01-02T09:31:43,AMZN,273.8868,198
2026-01-02T09:31:43,META,545.7103,407
2026-01-02T09:31:43,GOOGL,366.7769,697
2026-01-02T09:31:43,SPY,758.4902,235
2026-01-02T09:31:43,QQQ,653.6207,375
2026-01-02T09:31:44,AAPL,285.4309,572
2026-01-02T09:31:44,MSFT,382.1683,546
2026-01-02T09:31:44,NVDA,189.8537,718
2026-01-02T09:31:44,TSLA,271.5318,243
2026-01-02T09:31:44,AMD,159.6856,416
2026-01-02T09:31:44,AMZN,273.7669,517
2026-01-02T09:31:44,META,545.8172,133
2026-01-02T09:31:44,GOOGL,367.0638,459
2026-01-02T09:31:44,SPY,759.7865,539
2026-01-02T09:31:44,QQQ,653.4055,666
2026-01-02T09:31:45,AAPL,285.7275,196
2026-01-02T09:31:45,MSFT,382.5165,220
2026-01-02T09:31:45,NVDA,189.8237,428
2026-01-02T09:31:45,TSLA,271.6067,229
2026-01-02T09:31:45,AMD,159.3393,780
2026-01-02T09:31:45,AMZN,274.0298,586
2026-01-02T09:31:45,META,545.4658,400
2026-01-02T09:31:45,GOOGL,367.1206,822
2026-01-02T09:31:45,SPY,760.0622,501
2026-01-02T09:31:45,QQQ,653.7938,881
2026-01-02T09:31:46,AAPL,286.0314,227
2026-01-02T09:31:46,MSFT,382.3128,386
2026-01-02T09:31:46,NVDA,189.9828,900
2026-01-02T09:31:46,TSLA,271.5390,868
2026-01-02T09:31:46,AMD,159.4925,683
2026-01-02T09:31:46,AMZN,274.2961,480
2026-01-02T09:31:46,META,545.8360,420
2026-01-02T09:31:46,GOOGL,367.5677,870
2026-01-02T09:31:46,SPY,759.6838,301
2026-01-02T09:31:46,QQQ,653.8601,239
2026-01-02T09:31:47,AAPL,285.9725,232
2026-01-02T09:31:47,MSFT,381.9900,136
2026-01-02T09:31:47,NVDA,189.7844,871
2026-01-02T09:31:47,TSLA,271.1994,323
2026-01-02T09:31:47,AMD,159.6714,491
2026-01-02T09:31:47,AMZN,274.2222,857
2026-01-02T09:31:47,META,545.9885,315
2026-01-02T09:31:47,GOOGL,367.4706,246
2026-01-02T09:31:47,SPY,758.8567,833
2026-01-02T09:31:47,QQQ,652.2832,283
2026-01-02T09:31:48,AAPL,286.1022,485
2026-01-02T09:31:48,MSFT,382.0707,512
2026-01-02T09:31:48,NVDA,190.0472,644
2026-01-02T09:31:48,TSLA,271.3281,768
2026-01-02T09:31:48,AMD,159.6562,571
2026-01-02T09:31:48,AMZN,274.0389,85
2026-01-02T09:31:48,META,546.0039,608
2026-01-02T09:31:48,GOOGL,366.8224,86
2026-01-02T09:31:48,SPY,760.5535,286
2026-01-02T09:31:48,QQQ,653.6661,784
2026-01-02T09:31:49,AAPL,286.0676,427
2026-01-02T09:31:49,MSFT,381.9846,819
2026-01-02T09:31:49,NVDA,189.5207,729
2026-01-02T09:31:49,TSLA,271.5790,87
2026-01-02T09:31:49,AMD,159.4271,773
2026-01-02T09:31:49,AMZN,274.0602,413
2026-01-02T09:31:49,META,546.2767,538
2026-01-02T09:31:49,GOOGL,367.0576,102
2026-01-02T09:31:49,SPY,759.4810,609
2026-01-02T09:31:49,QQQ,652.9973,114
2026-01-02T09:31:50,AAPL,285.5618,715
2026-01-02T09:31:50,MSFT,382.4844,316
2026-01-02T09:31:50,NVDA,189.5255,496
2026-01-02T09:31:50,TSLA,271.1155,574
2026-01-02T09:31:50,AMD,159.4342,456
2026-01-02T09:31:50,AMZN,274.4117,545
2026-01-02T09:31:50,META,545.4438,220
2026-01-02T09:31:50,GOOGL,366.5958,899
2026-01-02T09:31:50,SPY,760.0066,566
2026-01-02T09:31:50,QQQ,653.9431,109
2026-01-02T09:31:51,AAPL,286.1374,634
2026-01-02T09:31:51,MSFT,381.8800,575
2026-01-02T09:31:51,NVDA,190.0111,768
2026-01-02T09:31:51,TSLA,271.6865,496
2026-01-02T09:31:51,AMD,159.5069,793
2026-01-02T09:31:51,AMZN,274.3117,337
2026-01-02T09:31:51,META,545.4678,189
2026-01-02T09:31:51,GOOGL,366.7996,837
2026-01-02T09:31:51,SPY,759.9638,610
2026-01-02T09:31:51,QQQ,653.0678,878
2026-01-02T09:31:52,AAPL,285.5173,885
2026-01-02T09:31:52,MSFT,382.1735,572
2026-01-02T09:31:52,NVDA,189.8660,859
2026-01-02T09:31:52,TSLA,271.1475,531
2026-01-02T09:31:52,AMD,159.6369,303
2026-01-02T09:31:52,AMZN,274.4719,612
2026-01-02T09:31:52,META,546.2643,637
2026-01-02T09:31:52,GOOGL,366.6200,285
2026-01-02T09:31:52,SPY,758.5859,767
2026-01-02T09:31:52,QQQ,652.0464,615
2026-01-02T09:31:53,AAPL,285.4025,462
2026-01-02T09:31:53,MSFT,382.0557,832
2026-01-02T09:31:53,NVDA,190.0318,804
2026-01-02T09:31:53,TSLA,271.6261,289
2026-01-02T09:31:53,AMD,159.6557,288
2026-01-02T09:31:53,AMZN,273.8312,165
2026-01-02T09:31:53,META,545.5798,116
2026-01-02T09:31:53,GOOGL,366.9760,222
2026-01-02T09:31:53,SPY,758.6808,409
2026-01-02T09:31:53,QQQ,653.6246,794
2026-01-02T09:31:54,AAPL,286.1557,266
2026-01-02T09:31:54,MSFT,381.7188,89
2026-01-02T09:31:54,NVDA,189.7045,588
2026-01-02T09:31:54,TSLA,271.8767,204
2026-01-02T09:31:54,AMD,159.5440,841
2026-01-02T09:31:54,AMZN,273.8367,285
2026-01-02T09:31:54,META,546.8317,730
2026-01-02T09:31:54,GOOGL,366.3859,223
2026-01-02T09:31:54,SPY,760.0002,876
2026-01-02T09:31:54,QQQ,652.3580,871
2026-01-02T09:31:55,AAPL,285.8305,808
2026-01-02T09:31:55,MSFT,382.3091,453
2026-01-02T09:31:55,NVDA,189.7613,273
2026-01-02T09:31:55,TSLA,271.6487,363
2026-01-02T09:31:55,AMD,159.3873,639
2026-01-02T09:31:55,AMZN,273.9612,554
2026-01-02T09:31:55,META,545.9202,505
2026-01-02T09:31:55,GOOGL,366.6453,804
2026-01-02T09:31:55,SPY,758.9771,621
2026-01-02T09:31:55,QQQ,651.9665,324
2026-01-02T09:31:56,AAPL,286.0345,473
2026-01-02T09:31:56,MSFT,381.6945,878
2026-01-02T09:31:56,NVDA,189.8020,853
2026-01-02T09:31:56,TSLA,271.4412,395
2026-01-02T09:31:56,AMD,159.6676,119
2026-01-02T09:31:56,AMZN,274.4604,300
2026-01-02T09:31:56,META,546.7528,209
2026-01-02T09:31:56,GOOGL,366.6035,704
2026-01-02T09:31:56,SPY,758.2532,836
2026-01-02T09:31:56,QQQ,652.5528,488
2026-01-02T09:31:57,AAPL,285.9840,735
2026-01-02T09:31:57,MSFT,382.7318,847
2026-01-02T09:31:57,NVDA,189.5872,820
2026-01-02T09:31:57,TSLA,271.2157,233
2026-01-02T09:31:57,AMD,159.6849,858
2026-01-02T09:31:57,AMZN,273.9170,814
2026-01-02T09:31:57,META,546.1817,392
2026-01-02T09:31:57,GOOGL,366.8920,501
2026-01-02T09:31:57,SPY,760.1533,347
2026-01-02T09:31:57,QQQ,652.5041,620
2026-01-02T09:31:58,AAPL,285.4093,869
2026-01-02T09:31:58,MSFT,381.9277,592
2026-01-02T09:31:58,NVDA,189.6919,695
2026-01-02T09:31:58,TSLA,271.3739,140
2026-01-02T09:31:58,AMD,159.3194,263
2026-01-02T09:31:58,AMZN,274.5950,395
2026-01-02T09:31:58,META,546.6865,119
2026-01-02T09:31:58,GOOGL,367.2978,851
2026-01-02T09:31:58,SPY,760.2193,662
2026-01-02T09:31:58,QQQ,652.8296,808
2026-01-02T09:31:59,AAPL,285.9597,593
2026-01-02T09:31:59,MSFT,382.7794,621
2026-01-02T09:31:59,NVDA,189.8955,580
2026-01-02T09:31:59,TSLA,271.6293,524
2026-01-02T09:31:59,AMD,159.5354,550
2026-01-02T09:31:59,AMZN,274.3420,260
2026-01-02T09:31:59,META,546.5323,671
2026-01-02T09:31:59,GOOGL,366.3183,120
2026-01-02T09:31:59,SPY,760.1278,707
2026-01-02T09:31:59,QQQ,653.0484,475
2026-01-02T09:31:00,AAPL,285.9753,739
2026-01-02T09:31:00,MSFT,382.2455,184
2026-01-02T09:31:00,NVDA,190.1020,362
2026-01-02T09:31:00,TSLA,271.2796,807
2026-01-02T09:31:00,AMD,159.5491,318
2026-01-02T09:31:00,AMZN,274.2356,678
2026-01-02T09:31:00,META,546.3647,680
2026-01-02T09:31:00,GOOGL,367.0795,294
2026-01-02T09:31:00,SPY,759.9216,559
2026-01-02T09:31:00,QQQ,651.7616,837
2026-01-02T09:31:01,AAPL,285.9424,774
2026-01-02T09:31:01,MSFT,382.8264,859
2026-01-02T09:31:01,NVDA,190.1035,556
2026-01-02T09:31:01,TSLA,271.9518,763
2026-01-02T09:31:01,AMD,159.2143,316
2026-01-02T09:31:01,AMZN,274.5637,693
2026-01-02T09:31:01,META,545.4726,450
2026-01-02T09:31:01,GOOGL,366.9107,861
2026-01-02T09:31:01,SPY,759.0375,736
2026-01-02T09:31:01,QQQ,652.6998,213
2026-01-02T09:31:02,AAPL,285.8900,767
2026-01-02T09:31:02,MSFT,382.6077,324
2026-01-02T09:31:02,NVDA,189.6401,791
2026-01-02T09:31:02,TSLA,271.9753,803
2026-01-02T09:31:02,AMD,159.2877,489
2026-01-02T09:31:02,AMZN,274.0359,374
2026-01-02T09:31:02,META,546.3027,165
2026-01-02T09:31:02,GOOGL,366.9654,432
2026-01-02T09:31:02,SPY,759.4297,372
2026-01-02T09:31:02,QQQ,652.6848,238
2026-01-02T09:31:03,AAPL,286.2479,487
2026-01-02T09:31:03,MSFT,382.3290,224
2026-01-02T09:31:03,NVDA,189.9824,405
2026-01-02T09:31:03,TSLA,271.6072,594
2026-01-02T09:31:03,AMD,159.5631,257
2026-01-02T09:31:03,AMZN,274.3603,175
2026-01-02T09:31:03,META,546.9686,352
2026-01-02T09:31:03,GOOGL,367.0936,829
2026-01-02T09:31:03,SPY,759.6221,192
2026-01-02T09:31:03,QQQ,652.6443,312
2026-01-02T09:31:04,AAPL,285.7640,235
2026-01-02T09:31:04,MSFT,382.5859,619
2026-01-02T09:31:04,NVDA,189.9060,571
2026-01-02T09:31:04,TSLA,271.4617,624
2026-01-02T09:31:04,AMD,159.3904,195
2026-01-02T09:31:04,AMZN,274.2900,644
2026-01-02T09:31:04,META,546.8658,141
2026-01-02T09:31:04,GOOGL,366.8563,588
2026-01-02T09:31:04,SPY,758.9049,704
2026-01-02T09:31:04,QQQ,652.1034,97
2026-01-02T09:31:05,AAPL,285.6957,513
2026-01-02T09:31:05,MSFT,381.7560,291
2026-01-02T09:31:05,NVDA,189.7635,384
2026-01-02T09:31:05,TSLA,271.3334,586
2026-01-02T09:31:05,AMD,159.2510,372
2026-01-02T09:31:05,AMZN,274.5056,887
2026-01-02T09:31:05,META,545.6487,158
2026-01-02T09:31:05,GOOGL,366.9391,233
2026-01-02T09:31:05,SPY,757.8685,310
2026-01-02T09:31:05,QQQ,651.8219,604
2026-01-02T09:31:06,AAPL,286.0847,640
2026-01-02T09:31:06,MSFT,382.2646,839
2026-01-02T09:31:06,NVDA,190.0320,366
2026-01-02T09:31:06,TSLA,271.3564,544
2026-01-02T09:31:06,AMD,159.5844,390
2026-01-02T09:31:06,AMZN,274.1180,722
2026-01-02T09:31:06,META,545.8494,371
2026-01-02T09:31:06,GOOGL,366.4819,354
2026-01-02T09:31:06,SPY,759.3385,264
2026-01-02T09:31:06,QQQ,651.6739,340
2026-01-02T09:31:07,AAPL,285.4922,823
2026-01-02T09:31:07,MSFT,382.5211,598
2026-01-02T09:31:07,NVDA,189.6710,551
2026-01-02T09:31:07,TSLA,271.4315,561
2026-01-02T09:31:07,AMD,159.5803,802
2026-01-02T09:31:07,AMZN,274.0992,783
2026-01-02T09:31:07,META,546.8141,491
2026-01-02T09:31:07,GOOGL,367.2060,774
2026-01-02T09:31:07,SPY,759.4562,800
2026-01-02T09:31:07,QQQ,652.0927,606
2026-01-02T09:31:08,AAPL,285.6554,837
2026-01-02T09:31:08,MSFT,382.3157,452
2026-01-02T09:31:08,NVDA,190.0997,116
2026-01-02T09:31:08,TSLA,271.7318,556
2026-01-02T09:31:08,AMD,159.6035,626
2026-01-02T09:31:08,AMZN,274.6502,452
2026-01-02T09:31:08,META,546.9835,493
2026-01-02T09:31:08,GOOGL,367.0669,652
2026-01-02T09:31:08,SPY,757.7928,827
2026-01-02T09:31:08,QQQ,653.4972,134
2026-01-02T09:31:09,AAPL,285.9780,205
2026-01-02T09:31:09,MSFT,382.9133,561
2026-01-02T09:31:09,NVDA,189.9906,438
2026-01-02T09:31:09,TSLA,271.8332,900
2026-01-02T09:31:09,AMD,159.1849,180
2026-01-02T09:31:09,AMZN,274.0510,304
2026-01-02T09:31:09,META,545.6963,742
2026-01-02T09:31:09,GOOGL,366.3482,159
2026-01-02T09:31:09,SPY,758.8138,600
2026-01-02T09:31:09,QQQ,651.6263,870
2026-01-02T09:31:10,AAPL,286.1462,279
2026-01-02T09:31:10,MSFT,381.8831,83
2026-01-02T09:31:10,NVDA,189.9571,580
2026-01-02T09:31:10,TSLA,271.8935,266
2026-01-02T09:31:10,AMD,159.3881,408
2026-01-02T09:31:10,AMZN,274.5930,803
2026-01-02T09:31:10,META,546.4094,808
2026-01-02T09:31:10,GOOGL,367.1509,702
2026-01-02T09:31:10,SPY,759.3624,201
2026-01-02T09:31:10,QQQ,652.6533,547
2026-01-02T09:31:11,AAPL,285.6754,262
2026-01-02T09:31:11,MSFT,382.4624,343
2026-01-02T09:31:11,NVDA,190.0161,302
2026-01-02T09:31:11,TSLA,271.5117,170
2026-01-02T09:31:11,AMD,159.4162,394
2026-01-02T09:31:11,AMZN,274.5728,880
2026-01-02T09:31:11,META,546.0462,519
2026-01-02T09:31:11,GOOGL,366.6152,329
2026-01-02T09:31:11,SPY,759.3912,341
2026-01-02T09:31:11,QQQ,652.4937,539
2026-01-02T09:31:12,AAPL,285.6407,478
2026-01-02T09:31:12,MSFT,381.9713,656
2026-01-02T09:31:12,NVDA,189.7007,591
2026-01-02T09:31:12,TSLA,271.8186,364
2026-01-02T09:31:12,AMD,159.3100,588
2026-01-02T09:31:12,AMZN,274.1488,469
2026-01-02T09:31:12,META,546.3007,339
2026-01-02T09:31:12,GOOGL,366.6164,817
2026-01-02T09:31:12,SPY,757.8074,809
2026-01-02T09:31:12,QQQ,651.7492,842
2026-01-02T09:31:13,AAPL,285.6474,796
2026-01-02T09:31:13,MSFT,381.9480,650
2026-01-02T09:31:13,NVDA,190.1770,360
2026-01-02T09:31:13,TSLA,271.5942,640
2026-01-02T09:31:13,AMD,159.3405,806
2026-01-02T09:31:13,AMZN,274.4683,173
2026-01-02T09:31:13,META,546.8656,529
2026-01-02T09:31:13,GOOGL,366.2920,826
2026-01-02T09:31:13,SPY,758.3609,744
2026-01-02T09:31:13,QQQ,651.4586,121
2026-01-02T09:31:14,AAPL,286.0157,343
2026-01-02T09:31:14,MSFT,381.9083,138
2026-01-02T09:31:14,NVDA,190.2116,107
2026-01-02T09:31:14,TSLA,271.8602,678
2026-01-02T09:31:14,AMD,159.4918,404
2026-01-02T09:31:14,AMZN,274.1981,741
2026-01-02T09:31:14,META,546.5540,724
2026-01-02T09:31:14,GOOGL,366.3378,605
2026-01-02T09:31:14,SPY,759.2686,548
2026-01-02T09:31:14,QQQ,652.9775,388
2026-01-02T09:31:15,AAPL,285.8699,393
2026-01-02T09:31:15,MSFT,382.9674,448
2026-01-02T09:31:15,NVDA,189.8322,611
2026-01-02T09:31:15,TSLA,271.3992,869
2026-01-02T09:31:15,AMD,159.1321,689
2026-01-02T09:31:15,AMZN,274.6152,190
2026-01-02T09:31:15,META,545.7302,174
2026-01-02T09:31:15,GOOGL,366.4624,442
2026-01-02T09:31:15,SPY,758.3905,402
2026-01-02T09:31:15,QQQ,653.1788,684
2026-01-02T09:31:16,AAPL,285.8012,791
2026-01-02T09:31:16,MSFT,382.0617,678
2026-01-02T09:31:16,NVDA,189.9163,324
2026-01-02T09:31:16,TSLA,272.0372,566
2026-01-02T09:31:16,AMD,159.3759,216
2026-01-02T09:31:16,AMZN,274.2711,512
2026-01-02T09:31:16,META,546.3671,746
2026-01-02T09:31:16,GOOGL,366.5027,204
2026-01-02T09:31:16,SPY,759.3611,465
2026-01-02T09:31:16,QQQ,652.0577,699
2026-01-02T09:31:17,AAPL,286.3029,174
2026-01-02T09:31:17,MSFT,382.4050,897
2026-01-02T09:31:17,NVDA,189.7522,159
2026-01-02T09:31:17,TSLA,271.9214,392
2026-01-02T09:31:17,AMD,159.3583,104
2026-01-02T09:31:17,AMZN,274.8355,484
2026-01-02T09:31:17,META,546.4595,661
2026-01-02T09:31:17,GOOGL,366.1598,611
2026-01-02T09:31:17,SPY,759.6604,264
2026-01-02T09:31:17,QQQ,652.2530,726
2026-01-02T09:31:18,AAPL,285.7328,705
2026-01-02T09:31:18,MSFT,381.9306,840
2026-01-02T09:31:18,NVDA,190.1705,768
2026-01-02T09:31:18,TSLA,271.7951,659
2026-01-02T09:31:18,AMD,159.1662,246
2026-01-02T09:31:18,AMZN,274.4909,566
2026-01-02T09:31:18,META,546.7618,585
2026-01-02T09:31:18,GOOGL,367.0891,202
2026-01-02T09:31:18,SPY,758.3198,186
2026-01-02T09:31:18,QQQ,653.1650,572
2026-01-02T09:31:19,AAPL,286.2820,358
2026-01-02T09:31:19,MSFT,382.3890,703
2026-01-02T09:31:19,NVDA,189.7489,134
2026-01-02T09:31:19,TSLA,271.5399,647
2026-01-02T09:31:19,AMD,159.4121,531
2026-01-02T09:31:19,AMZN,274.8491,614
2026-01-02T09:31:19,META,546.0934,246
2026-01-02T09:31:19,GOOGL,366.8301,640
2026-01-02T09:31:19,SPY,758.1087,853
2026-01-02T09:31:19,QQQ,652.9776,361
2026-01-02T09:31:20,AAPL,285.9921,518
2026-01-02T09:31:20,MSFT,381.9811,815
2026-01-02T09:31:20,NVDA,189.8159,89
2026-01-02T09:31:20,TSLA,271.6819,593
2026-01-02T09:31:20,AMD,159.3961,110
2026-01-02T09:31:20,AMZN,274.7024,606
2026-01-02T09:31:20,META,546.2389,234
2026-01-02T09:31:20,GOOGL,366.5714,558
2026-01-02T09:31:20,SPY,758.4679,112
2026-01-02T09:31:20,QQQ,652.4233,568
2026-01-02T09:31:21,AAPL,286.1584,775
2026-01-02T09:31:21,MSFT,382.3054,657
2026-01-02T09:31:21,NVDA,189.8968,374
2026-01-02T09:31:21,TSLA,272.0039,644
2026-01-02T09:31:21,AMD,159.3883,567
2026-01-02T09:31:21,AMZN,274.6062,509
2026-01-02T09:31:21,META,546.9564,434
2026-01-02T09:31:21,GOOGL,366.1688,793
2026-01-02T09:31:21,SPY,759.5259,312
2026-01-02T09:31:21,QQQ,652.8592,595
2026-01-02T09:31:22,AAPL,285.8086,91
2026-01-02T09:31:22,MSFT,382.7100,547
2026-01-02T09:31:22,NVDA,190.1216,337
2026-01-02T09:31:22,TSLA,271.5975,899
2026-01-02T09:31:22,AMD,159.3224,580
2026-01-02T09:31:22,AMZN,274.6145,229
2026-01-02T09:31:22,META,547.3959,303
2026-01-02T09:31:22,GOOGL,366.5272,652
2026-01-02T09:31:22,SPY,758.9401,87
2026-01-02T09:31:22,QQQ,651.5963,691
2026-01-02T09:31:23,AAPL,286.3020,577
2026-01-02T09:31:23,MSFT,382.0743,474
2026-01-02T09:31:23,NVDA,190.0036,411
2026-01-02T09:31:23,TSLA,271.5698,169
2026-01-02T09:31:23,AMD,159.2926,837
2026-01-02T09:31:23,AMZN,274.5966,822
2026-01-02T09:31:23,META,546.9003,872
2026-01-02T09:31:23,GOOGL,366.3128,581
2026-01-02T09:31:23,SPY,758.1316,557
2026-01-02T09:31:23,QQQ,653.1510,738
2026-01-02T09:31:24,AAPL,285.9833,321
2026-01-02T09:31:24,MSFT,382.5411,597
2026-01-02T09:31:24,NVDA,190.1884,687
2026-01-02T09:31:24,TSLA,271.6650,86
2026-01-02T09:31:24,AMD,159.0967,505
2026-01-02T09:31:24,AMZN,274.3446,392
2026-01-02T09:31:24,META,546.6503,744
2026-01-02T09:31:24,GOOGL,366.3742,161
2026-01-02T09:31:24,SPY,758.5309,684
2026-01-02T09:31:24,QQQ,652.0818,395
2026-01-02T09:31:25,AAPL,285.7008,484
2026-01-02T09:31:25,MSFT,383.0769,442
2026-01-02T09:31:25,NVDA,190.0325,623
2026-01-02T09:31:25,TSLA,271.4482,312
2026-01-02T09:31:25,AMD,159.2983,661
2026-01-02T09:31:25,AMZN,274.4335,326
2026-01-02T09:31:25,META,546.0299,853
2026-01-02T09:31:25,GOOGL,366.0748,662
2026-01-02T09:31:25,SPY,758.2536,592
2026-01-02T09:31:25,QQQ,651.3605,169
2026-01-02T09:31:26,AAPL,286.1825,609
2026-01-02T09:31:26,MSFT,382.8403,746
2026-01-02T09:31:26,NVDA,190.0010,233
2026-01-02T09:31:26,TSLA,271.5294,240
2026-01-02T09:31:26,AMD,159.3024,543
2026-01-02T09:31:26,AMZN,274.6293,769
2026-01-02T09:31:26,META,547.2703,473
2026-01-02T09:31:26,GOOGL,366.6721,525
2026-01-02T09:31:26,SPY,758.7512,468
2026-01-02T09:31:26,QQQ,652.1346,298
2026-01-02T09:31:27,AAPL,285.8931,237
2026-01-02T09:31:27,MSFT,382.3039,702
2026-01-02T09:31:27,NVDA,189.8380,146
2026-01-02T09:31:27,TSLA,272.1157,383
2026-01-02T09:31:27,AMD,159.5139,393
2026-01-02T09:31:27,AMZN,274.8699,353
2026-01-02T09:31:27,META,547.0529,872
2026-01-02T09:31:27,GOOGL,366.8893,830
2026-01-02T09:31:27,SPY,757.6741,210
2026-01-02T09:31:27,QQQ,652.8273,377
2026-01-02T09:31:28,AAPL,285.8862,204
2026-01-02T09:31:28,MSFT,382.4266,440
2026-01-02T09:31:28,NVDA,189.8314,801
2026-01-02T09:31:28,TSLA,272.0357,556
2026-01-02T09:31:28,AMD,159.0586,505
2026-01-02T09:31:28,AMZN,274.5258,382
2026-01-02T09:31:28,META,547.5086,892
2026-01-02T09:31:28,GOOGL,366.5529,458
2026-01-02T09:31:28,SPY,758.9968,384
2026-01-02T09:31:28,QQQ,651.4913,107
2026-01-02T09:31:29,AAPL,286.4650,390
2026-01-02T09:31:29,MSFT,382.6508,730
2026-01-02T09:31:29,NVDA,190.3074,346
2026-01-02T09:31:29,TSLA,271.6918,866
2026-01-02T09:31:29,AMD,159.1782,246
2026-01-02T09:31:29,AMZN,274.4053,465
2026-01-02T09:31:29,META,547.0376,462
2026-01-02T09:31:29,GOOGL,366.8819,668
2026-01-02T09:31:29,SPY,758.7472,320
2026-01-02T09:31:29,QQQ,651.3768,128
2026-01-02T09:31:30,AAPL,286.3213,526
2026-01-02T09:31:30,MSFT,382.9312,488
2026-01-02T09:31:30,NVDA,189.9622,117
2026-01-02T09:31:30,TSLA,271.6232,736
2026-01-02T09:31:30,AMD,159.0521,345
2026-01-02T09:31:30,AMZN,274.6975,238
2026-01-02T09:31:30,META,547.2590,289
2026-01-02T09:31:30,GOOGL,367.0049,568
2026-01-02T09:31:30,SPY,759.0496,551
2026-01-02T09:31:30,QQQ,651.2724,408
2026-01-02T09:31:31,AAPL,286.3261,175
2026-01-02T09:31:31,MSFT,382.1632,832
2026-01-02T09:31:31,NVDA,190.1704,803
2026-01-02T09:31:31,TSLA,272.0951,605
2026-01-02T09:31:31,AMD,159.0828,382
2026-01-02T09:31:31,AMZN,274.8177,827
2026-01-02T09:31:31,META,546.5110,713
2026-01-02T09:31:31,GOOGL,366.9795,527
2026-01-02T09:31:31,SPY,759.2792,397
2026-01-02T09:31:31,QQQ,652.6079,643
2026-01-02T09:31:32,AAPL,285.8300,508
2026-01-02T09:31:32,MSFT,382.8693,629
2026-01-02T09:31:32,NVDA,190.1910,737
2026-01-02T09:31:32,TSLA,272.2768,283
2026-01-02T09:31:32,AMD,159.2435,98
2026-01-02T09:31:32,AMZN,274.3058,725
2026-01-02T09:31:32,META,547.1225,867
2026-01-02T09:31:32,GOOGL,366.7659,226
2026-01-02T09:31:32,SPY,758.9921,435
2026-01-02T09:31:32,QQQ,651.1750,397
2026-01-02T09:31:33,AAPL,285.9239,652
2026-01-02T09:31:33,MSFT,382.1943,803
2026-01-02T09:31:33,NVDA,190.3457,387
2026-01-02T09:31:33,TSLA,271.7706,620
2026-01-02T09:31:33,AMD,159.0572,508
2026-01-02T09:31:33,AMZN,274.7090,455
2026-01-02T09:31:33,META,546.4962,491
2026-01-02T09:31:33,GOOGL,366.5979,318
2026-01-02T09:31:33,SPY,758.5574,691
2026-01-02T09:31:33,QQQ,652.3986,377
2026-01-02T09:31:34,AAPL,285.8716,468
2026-01-02T09:31:34,MSFT,382.2889,263
2026-01-02T09:31:34,NVDA,190.0195,349
2026-01-02T09:31:34,TSLA,271.7552,847
2026-01-02T09:31:34,AMD,159.3320,179
2026-01-02T09:31:34,AMZN,274.7519,350
2026-01-02T09:31:34,META,546.2859,286
2026-01-02T09:31:34,GOOGL,366.3511,753
2026-01-02T09:31:34,SPY,757.1355,318
2026-01-02T09:31:34,QQQ,652.3115,721
2026-01-02T09:31:35,AAPL,285.7292,373
2026-01-02T09:31:35,MSFT,382.1574,363
2026-01-02T09:31:35,NVDA,190.1998,553
2026-01-02T09:31:35,TSLA,271.7807,408
2026-01-02T09:31:35,AMD,159.3068,842
2026-01-02T09:31:35,AMZN,274.2257,111
2026-01-02T09:31:35,META,546.4521,569
2026-01-02T09:31:35,GOOGL,366.7886,760
2026-01-02T09:31:35,SPY,758.5638,290
2026-01-02T09:31:35,QQQ,652.2974,623
2026-01-02T09:31:36,AAPL,286.0814,431
2026-01-02T09:31:36,MSFT,383.1426,896
2026-01-02T09:31:36,NVDA,189.9206,395
2026-01-02T09:31:36,TSLA,271.8734,185
2026-01-02T09:31:36,AMD,159.3331,161
2026-01-02T09:31:36,AMZN,274.6865,852
2026-01-02T09:31:36,META,547.3372,385
2026-01-02T09:31:36,GOOGL,366.7056,502
2026-01-02T09:31:36,SPY,757.7385,310
2026-01-02T09:31:36,QQQ,652.6597,120
2026-01-02T09:31:37,AAPL,286.1629,878
2026-01-02T09:31:37,MSFT,383.2367,217
2026-01-02T09:31:37,NVDA,190.3239,481
2026-01-02T09:31:37,TSLA,271.9037,173
2026-01-02T09:31:37,AMD,159.4725,869
2026-01-02T09:31:37,AMZN,274.9980,378
2026-01-02T09:31:37,META,547.4152,105
2026-01-02T09:31:37,GOOGL,366.8673,453
2026-01-02T09:31:37,SPY,759.1990,855
2026-01-02T09:31:37,QQQ,651.8936,807
2026-01-02T09:31:38,AAPL,285.9849,214
2026-01-02T09:31:38,MSFT,382.2514,672
2026-01-02T09:31:38,NVDA,189.9157,304
2026-01-02T09:31:38,TSLA,271.6424,875
2026-01-02T09:31:38,AMD,159.2744,394
2026-01-02T09:31:38,AMZN,274.5116,300
2026-01-02T09:31:38,META,547.4608,872
2026-01-02T09:31:38,GOOGL,365.8538,189
2026-01-02T09:31:38,SPY,757.0241,437
2026-01-02T09:31:38,QQQ,651.8331,578
2026-01-02T09:31:39,AAPL,286.4574,261
2026-01-02T09:31:39,MSFT,382.7313,849
2026-01-02T09:31:39,NVDA,190.3524,414
2026-01-02T09:31:39,TSLA,272.3827,320
2026-01-02T09:31:39,AMD,159.1875,643
2026-01-02T09:31:39,AMZN,274.3543,801
2026-01-02T09:31:39,META,547.6844,804
2026-01-02T09:31:39,GOOGL,366.2983,643
2026-01-02T09:31:39,SPY,758.9200,672
2026-01-02T09:31:39,QQQ,651.5495,480
2026-01-02T09:31:40,AAPL,286.4330,187
2026-01-02T09:31:40,MSFT,383.0065,151
2026-01-02T09:31:40,NVDA,190.1266,517
2026-01-02T09:31:40,TSLA,271.6726,754
2026-01-02T09:31:40,AMD,159.2378,826
2026-01-02T09:31:40,AMZN,274.5244,876
2026-01-02T09:31:40,META,547.2073,595
2026-01-02T09:31:40,GOOGL,366.8751,356
2026-01-02T09:31:40,SPY,759.1096,856
2026-01-02T09:31:40,QQQ,651.9136,156
2026-01-02T09:31:41,AAPL,286.5719,627
2026-01-02T09:31:41,MSFT,382.3860,232
2026-01-02T09:31:41,NVDA,190.2830,709
2026-01-02T09:31:41,TSLA,271.9010,737
2026-01-02T09:31:41,AMD,159.1423,889
2026-01-02T09:31:41,AMZN,274.6962,708
2026-01-02T09:31:41,META,546.2315,306
2026-01-02T09:31:41,GOOGL,366.5942,574
2026-01-02T09:31:41,SPY,758.0143,625
2026-01-02T09:31:41,QQQ,651.5406,821
2026-01-02T09:31:42,AAPL,286.2621,391
2026-01-02T09:31:42,MSFT,382.5338,665
2026-01-02T09:31:42,NVDA,189.9385,85
2026-01-02T09:31:42,TSLA,271.9551,227
2026-01-02T09:31:42,AMD,159.0486,522
2026-01-02T09:31:42,AMZN,274.5068,517
2026-01-02T09:31:42,META,547.3603,94
2026-01-02T09:31:42,GOOGL,366.2665,736
2026-01-02T09:31:42,SPY,758.7102,400
2026-01-02T09:31:42,QQQ,651.1512,315
2026-01-02T09:31:43,AAPL,286.1415,591
2026-01-02T09:31:43,MSFT,382.2782,147
2026-01-02T09:31:43,NVDA,189.9288,605
2026-01-02T09:31:43,TSLA,271.8464,443
2026-01-02T09:31:43,AMD,159.3624,201
2026-01-02T09:31:43,AMZN,274.4018,150
2026-01-02T09:31:43,META,547.4701,733
2026-01-02T09:31:43,GOOGL,365.9180,542
2026-01-02T09:31:43,SPY,758.0563,732
2026-01-02T09:31:43,QQQ,650.8419,92
2026-01-02T09:31:44,AAPL,285.8989,183
2026-01-02T09:31:44,MSFT,382.8688,553
2026-01-02T09:31:44,NVDA,190.0973,728
2026-01-02T09:31:44,TSLA,271.8273,474
2026-01-02T09:31:44,AMD,159.1615,848
2026-01-02T09:31:44,AMZN,275.1173,113
2026-01-02T09:31:44,META,546.7180,179
2026-01-02T09:31:44,GOOGL,365.8060,333
2026-01-02T09:31:44,SPY,758.1418,664
2026-01-02T09:31:44,QQQ,651.0240,211
2026-01-02T09:31:45,AAPL,285.9127,81
2026-01-02T09:31:45,MSFT,382.8775,95
2026-01-02T09:31:45,NVDA,190.0886,478
2026-01-02T09:31:45,TSLA,271.6788,822
2026-01-02T09:31:45,AMD,159.1608,474
2026-01-02T09:31:45,AMZN,275.0375,323
2026-01-02T09:31:45,META,547.8369,403
2026-01-02T09:31:45,GOOGL,366.6252,885
2026-01-02T09:31:45,SPY,758.1076,680
2026-01-02T09:31:45,QQQ,652.4080,595
2026-01-02T09:31:46,AAPL,286.0476,853
2026-01-02T09:31:46,MSFT,382.4039,209
2026-01-02T09:31:46,NVDA,190.4275,378
2026-01-02T09:31:46,TSLA,271.6475,800
2026-01-02T09:31:46,AMD,159.1437,407
2026-01-02T09:31:46,AMZN,275.0751,116
2026-01-02T09:31:46,META,546.8529,527
2026-01-02T09:31:46,GOOGL,366.6469,524
2026-01-02T09:31:46,SPY,759.0004,292
2026-01-02T09:31:46,QQQ,651.5880,495
2026-01-02T09:31:47,AAPL,286.0545,127
2026-01-02T09:31:47,MSFT,383.0436,328
2026-01-02T09:31:47,NVDA,190.4248,221
2026-01-02T09:31:47,TSLA,272.2942,681
2026-01-02T09:31:47,AMD,158.9903,267
2026-01-02T09:31:47,AMZN,274.8642,389
2026-01-02T09:31:47,META,546.4097,808
2026-01-02T09:31:47,GOOGL,366.1978,543
2026-01-02T09:31:47,SPY,756.7717,727
2026-01-02T09:31:47,QQQ,651.2407,216
2026-01-02T09:31:48,AAPL,286.1056,121
2026-01-02T09:31:48,MSFT,382.7230,569
2026-01-02T09:31:48,NVDA,189.9981,411
2026-01-02T09:31:48,TSLA,272.3287,485
2026-01-02T09:31:48,AMD,159.0263,871
2026-01-02T09:31:48,AMZN,274.5164,647
2026-01-02T09:31:48,META,546.6286,459
2026-01-02T09:31:48,GOOGL,365.8666,603
2026-01-02T09:31:48,SPY,757.2656,891
2026-01-02T09:31:48,QQQ,651.4801,501
2026-01-02T09:31:49,AAPL,286.0839,150
2026-01-02T09:31:49,MSFT,382.5120,513
2026-01-02T09:31:49,NVDA,190.1474,664
2026-01-02T09:31:49,TSLA,272.0663,308
2026-01-02T09:31:49,AMD,159.1753,576
2026-01-02T09:31:49,AMZN,274.3607,120
2026-01-02T09:31:49,META,546.8044,157
2026-01-02T09:31:49,GOOGL,365.7075,537
2026-01-02T09:31:49,SPY,756.7768,315
2026-01-02T09:31:49,QQQ,651.0528,473
2026-01-02T09:31:50,AAPL,286.2908,208
2026-01-02T09:31:50,MSFT,383.2296,418
2026-01-02T09:31:50,NVDA,190.1655,174
2026-01-02T09:31:50,TSLA,271.7662,578
2026-01-02T09:31:50,AMD,158.9421,593
2026-01-02T09:31:50,AMZN,274.9826,555
2026-01-02T09:31:50,META,547.0226,742
2026-01-02T09:31:50,GOOGL,366.2022,566
2026-01-02T09:31:50,SPY,757.0217,566
2026-01-02T09:31:50,QQQ,651.5258,524
2026-01-02T09:31:51,AAPL,286.3331,437
2026-01-02T09:31:51,MSFT,383.4729,171
2026-01-02T09:31:51,NVDA,190.4156,531
2026-01-02T09:31:51,TSLA,271.8743,722
2026-01-02T09:31:51,AMD,159.1749,583
2026-01-02T09:31:51,AMZN,275.0864,233
2026-01-02T09:31:51,META,547.5364,661
2026-01-02T09:31:51,GOOGL,365.7156,203
2026-01-02T09:31:51,SPY,756.8558,758
2026-01-02T09:31:51,QQQ,652.4012,870
2026-01-02T09:31:52,AAPL,286.3751,700
2026-01-02T09:31:52,MSFT,382.8421,794
2026-01-02T09:31:52,NVDA,190.0535,354
2026-01-02T09:31:52,TSLA,271.7185,349
2026-01-02T09:31:52,AMD,159.0530,835
2026-01-02T09:31:52,AMZN,275.1313,669
2026-01-02T09:31:52,META,547.6685,88
2026-01-02T09:31:52,GOOGL,365.7100,263
2026-01-02T09:31:52,SPY,756.9042,146
2026-01-02T09:31:52,QQQ,652.2810,537
2026-01-02T09:31:53,AAPL,286.2903,270
2026-01-02T09:31:53,MSFT,382.8689,535
2026-01-02T09:31:53,NVDA,190.1563,203
2026-01-02T09:31:53,TSLA,272.3507,121
2026-01-02T09:31:53,AMD,159.1785,558
2026-01-02T09:31:53,AMZN,274.5420,116
2026-01-02T09:31:53,META,547.6171,456
2026-01-02T09:31:53,GOOGL,366.3377,108
2026-01-02T09:31:53,SPY,758.1845,813
2026-01-02T09:31:53,QQQ,650.7633,99
2026-01-02T09:31:54,AAPL,286.6602,510
2026-01-02T09:31:54,MSFT,382.8160,375
2026-01-02T09:31:54,NVDA,190.4802,272
2026-01-02T09:31:54,TSLA,272.3368,654
2026-01-02T09:31:54,AMD,159.2982,714
2026-01-02T09:31:54,AMZN,275.0167,644
2026-01-02T09:31:54,META,546.6552,852
2026-01-02T09:31:54,GOOGL,366.2966,527
2026-01-02T09:31:54,SPY,758.1854,159
2026-01-02T09:31:54,QQQ,652.4236,385
2026-01-02T09:31:55,AAPL,286.4870,624
2026-01-02T09:31:55,MSFT,382.9606,356
2026-01-02T09:31:55,NVDA,190.1910,360
2026-01-02T09:31:55,TSLA,272.4830,409
2026-01-02T09:31:55,AMD,159.3242,602
2026-01-02T09:31:55,AMZN,274.7618,885
2026-01-02T09:31:55,META,546.4830,832
2026-01-02T09:31:55,GOOGL,365.9232,822
2026-01-02T09:31:55,SPY,757.2593,390
2026-01-02T09:31:55,QQQ,652.3823,725
2026-01-02T09:31:56,AAPL,286.4142,624
2026-01-02T09:31:56,MSFT,382.5391,891
2026-01-02T09:31:56,NVDA,190.1291,521
2026-01-02T09:31:56,TSLA,272.0927,766
2026-01-02T09:31:56,AMD,159.1590,543
2026-01-02T09:31:56,AMZN,274.6798,691
2026-01-02T09:31:56,META,546.4908,733
2026-01-02T09:31:56,GOOGL,365.7268,740
2026-01-02T09:31:56,SPY,757.5717,169
2026-01-02T09:31:56,QQQ,651.0079,269
2026-01-02T09:31:57,AAPL,286.5158,160
2026-01-02T09:31:57,MSFT,383.4052,736
2026-01-02T09:31:57,NVDA,189.9751,132
2026-01-02T09:31:57,TSLA,272.1827,96
2026-01-02T09:31:57,AMD,159.2257,453
2026-01-02T09:31:57,AMZN,274.7510,97
2026-01-02T09:31:57,META,547.0342,717
2026-01-02T09:31:57,GOOGL,366.0744,242
2026-01-02T09:31:57,SPY,758.5203,577
2026-01-02T09:31:57,QQQ,651.3693,253
2026-01-02T09:31:58,AAPL,286.1144,521
2026-01-02T09:31:58,MSFT,383.4613,237
2026-01-02T09:31:58,NVDA,190.3480,252
2026-01-02T09:31:58,TSLA,272.5283,124
2026-01-02T09:31:58,AMD,159.2379,267
2026-01-02T09:31:58,AMZN,274.8821,366
2026-01-02T09:31:58,META,546.9904,643
2026-01-02T09:31:58,GOOGL,366.0886,334
2026-01-02T09:31:58,SPY,758.5207,420
2026-01-02T09:31:58,QQQ,651.9842,111
2026-01-02T09:31:59,AAPL,286.6410,234
2026-01-02T09:31:59,MSFT,383.0000,142
2026-01-02T09:31:59,NVDA,190.1509,283
2026-01-02T09:31:59,TSLA,272.0883,661
2026-01-02T09:31:59,AMD,159.0272,473
2026-01-02T09:31:59,AMZN,275.0522,883
2026-01-02T09:31:59,META,547.1453,869
2026-01-02T09:31:59,GOOGL,366.4399,592
2026-01-02T09:31:59,SPY,756.9012,700
2026-01-02T09:31:59,QQQ,652.1482,434
2026-01-02T09:31:00,AAPL,286.7653,721
2026-01-02T09:31:00,MSFT,382.9591,890
2026-01-02T09:31:00,NVDA,190.0866,449
2026-01-02T09:31:00,TSLA,272.1084,867
2026-01-02T09:31:00,AMD,159.0419,264
2026-01-02T09:31:00,AMZN,274.4835,631
2026-01-02T09:31:00,META,546.8136,251
2026-01-02T09:31:00,GOOGL,366.4152,416
2026-01-02T09:31:00,SPY,758.5778,90
2026-01-02T09:31:00,QQQ,652.0860,509
2026-01-02T09:31:01,AAPL,286.2899,283
2026-01-02T09:31:01,MSFT,383.6030,296
2026-01-02T09:31:01,NVDA,190.2291,881
2026-01-02T09:31:01,TSLA,272.4882,288
2026-01-02T09:31:01,AMD,159.1712,188
2026-01-02T09:31:01,AMZN,275.2043,171
2026-01-02T09:31:01,META,546.6096,861
2026-01-02T09:31:01,GOOGL,365.5098,297
2026-01-02T09:31:01,SPY,756.6585,457
2026-01-02T09:31:01,QQQ,650.3640,894
2026-01-02T09:31:02,AAPL,286.5891,804
2026-01-02T09:31:02,MSFT,383.5262,226
2026-01-02T09:31:02,NVDA,190.0773,213
2026-01-02T09:31:02,TSLA,271.9985,838
2026-01-02T09:31:02,AMD,159.0760,158
2026-01-02T09:31:02,AMZN,274.8495,809
2026-01-02T09:31:02,META,547.1072,482
2026-01-02T09:31:02,GOOGL,365.6358,866
2026-01-02T09:31:02,SPY,757.5508,486
2026-01-02T09:31:02,QQQ,651.3463,422
2026-01-02T09:31:03,AAPL,286.1801,661
2026-01-02T09:31:03,MSFT,383.1206,841
2026-01-02T09:31:03,NVDA,190.4851,146
2026-01-02T09:31:03,TSLA,272.5288,304
2026-01-02T09:31:03,AMD,159.2125,829
2026-01-02T09:31:03,AMZN,274.8095,229
2026-01-02T09:31:03,META,547.1878,568
2026-01-02T09:31:03,GOOGL,365.8885,725
2026-01-02T09:31:03,SPY,756.9244,407
2026-01-02T09:31:03,QQQ,651.2609,529
2026-01-02T09:31:04,AAPL,286.4949,553
2026-01-02T09:31:04,MSFT,383.5694,346
2026-01-02T09:31:04,NVDA,190.4725,145
2026-01-02T09:31:04,TSLA,272.6211,117
2026-01-02T09:31:04,AMD,159.2659,390
2026-01-02T09:31:04,AMZN,274.9330,500
2026-01-02T09:31:04,META,547.9416,209
2026-01-02T09:31:04,GOOGL,366.1787,363
2026-01-02T09:31:04,SPY,756.8626,601
2026-01-02T09:31:04,QQQ,652.2025,144
2026-01-02T09:31:05,AAPL,286.7516,751
2026-01-02T09:31:05,MSFT,382.5794,379
2026-01-02T09:31:05,NVDA,190.0498,136
2026-01-02T09:31:05,TSLA,272.2232,875
2026-01-02T09:31:05,AMD,159.0363,805
2026-01-02T09:31:05,AMZN,274.5663,897
2026-01-02T09:31:05,META,548.1145,173
2026-01-02T09:31:05,GOOGL,366.4283,132
2026-01-02T09:31:05,SPY,757.6583,870
2026-01-02T09:31:05,QQQ,650.9404,135
2026-01-02T09:31:06,AAPL,286.6255,198
2026-01-02T09:31:06,MSFT,383.4057,794
2026-01-02T09:31:06,NVDA,190.0964,227
2026-01-02T09:31:06,TSLA,272.0838,358
2026-01-02T09:31:06,AMD,159.1047,387
2026-01-02T09:31:06,AMZN,275.1543,490
2026-01-02T09:31:06,META,547.6410,766
2026-01-02T09:31:06,GOOGL,366.4376,748
2026-01-02T09:31:06,SPY,758.2367,681
2026-01-02T09:31:06,QQQ,650.6713,165
2026-01-02T09:31:07,AAPL,286.2318,420
2026-01-02T09:31:07,MSFT,382.8723,263
2026-01-02T09:31:07,NVDA,190.2987,459
2026-01-02T09:31:07,TSLA,272.6048,688
2026-01-02T09:31:07,AMD,159.1552,784
2026-01-02T09:31:07,AMZN,274.8162,145
2026-01-02T09:31:07,META,546.8388,426
2026-01-02T09:31:07,GOOGL,365.9938,158
2026-01-02T09:31:07,SPY,756.7444,815
2026-01-02T09:31:07,QQQ,650.6496,441
2026-01-02T09:31:08,AAPL,286.8680,711
2026-01-02T09:31:08,MSFT,383.4527,545
2026-01-02T09:31:08,NVDA,190.3182,710
2026-01-02T09:31:08,TSLA,272.3987,314
2026-01-02T09:31:08,AMD,159.1162,317
2026-01-02T09:31:08,AMZN,275.2534,761
2026-01-02T09:31:08,META,547.3705,788
2026-01-02T09:31:08,GOOGL,366.2081,159
2026-01-02T09:31:08,SPY,757.5617,364
2026-01-02T09:31:08,QQQ,651.2114,568
2026-01-02T09:31:09,AAPL,286.6826,616
2026-01-02T09:31:09,MSFT,383.6079,586
2026-01-02T09:31:09,NVDA,190.2987,634
2026-01-02T09:31:09,TSLA,272.2398,154
2026-01-02T09:31:09,AMD,159.0253,573
2026-01-02T09:31:09,AMZN,274.7081,859
2026-01-02T09:31:09,META,548.3159,736
2026-01-02T09:31:09,GOOGL,365.9129,848
2026-01-02T09:31:09,SPY,756.9687,396
2026-01-02T09:31:09,QQQ,651.7417,890
2026-01-02T09:31:10,AAPL,286.5130,693
2026-01-02T09:31:10,MSFT,382.8053,344
2026-01-02T09:31:10,NVDA,190.1759,481
2026-01-02T09:31:10,TSLA,271.8899,366
2026-01-02T09:31:10,AMD,158.9342,207
2026-01-02T09:31:10,AMZN,274.6233,237
2026-01-02T09:31:10,META,548.0313,186
2026-01-02T09:31:10,GOOGL,365.6475,811
2026-01-02T09:31:10,SPY,756.2629,138
2026-01-02T09:31:10,QQQ,650.8362,481
2026-01-02T09:31:11,AAPL,286.5644,465
2026-01-02T09:31:11,MSFT,382.9731,827
2026-01-02T09:31:11,NVDA,190.2376,157
2026-01-02T09:31:11,TSLA,272.6731,186
2026-01-02T09:31:11,AMD,158.8188,451
2026-01-02T09:31:11,AMZN,275.3093,545
2026-01-02T09:31:11,META,547.4180,595
2026-01-02T09:31:11,GOOGL,366.3372,554
2026-01-02T09:31:11,SPY,756.3613,247
2026-01-02T09:31:11,QQQ,651.7520,847
2026-01-02T09:31:12,AAPL,286.6433,82
2026-01-02T09:31:12,MSFT,382.7213,586
2026-01-02T09:31:12,NVDA,190.1739,704
2026-01-02T09:31:12,TSLA,272.0341,355
2026-01-02T09:31:12,AMD,159.1165,126
2026-01-02T09:31:12,AMZN,274.7477,676
2026-01-02T09:31:12,META,548.1061,641
2026-01-02T09:31:12,GOOGL,365.3797,147
2026-01-02T09:31:12,SPY,756.9563,487
2026-01-02T09:31:12,QQQ,650.3931,179
2026-01-02T09:31:13,AAPL,286.5629,320
2026-01-02T09:31:13,MSFT,383.2467,898
2026-01-02T09:31:13,NVDA,190.5547,471
2026-01-02T09:31:13,TSLA,272.6096,286
2026-01-02T09:31:13,AMD,159.0479,670
2026-01-02T09:31:13,AMZN,274.8472,659
2026-01-02T09:31:13,META,548.3525,343
2026-01-02T09:31:13,GOOGL,365.3869,656
2026-01-02T09:31:13,SPY,758.2178,201
2026-01-02T09:31:13,QQQ,651.4737,347
2026-01-02T09:31:14,AAPL,286.9047,662
2026-01-02T09:31:14,MSFT,382.8947,792
2026-01-02T09:31:14,NVDA,190.0977,395
2026-01-02T09:31:14,TSLA,272.4215,837
2026-01-02T09:31:14,AMD,159.0114,552
2026-01-02T09:31:14,AMZN,275.0858,477
2026-01-02T09:31:14,META,548.2140,243
2026-01-02T09:31:14,GOOGL,366.0807,527
2026-01-02T09:31:14,SPY,756.7001,765
2026-01-02T09:31:14,QQQ,650.5446,574
2026-01-02T09:31:15,AAPL,286.7617,652
2026-01-02T09:31:15,MSFT,383.4242,413
2026-01-02T09:31:15,NVDA,190.2364,594
2026-01-02T09:31:15,TSLA,272.6764,466
2026-01-02T09:31:15,AMD,159.1716,737
2026-01-02T09:31:15,AMZN,275.1660,489
2026-01-02T09:31:15,META,547.9107,485
2026-01-02T09:31:15,GOOGL,365.6259,386
2026-01-02T09:31:15,SPY,756.7021,713
2026-01-02T09:31:15,QQQ,650.7582,652
2026-01-02T09:31:16,AAPL,286.4233,671
2026-01-02T09:31:16,MSFT,383.2484,804
2026-01-02T09:31:16,NVDA,190.6312,357
2026-01-02T09:31:16,TSLA,271.9621,575
2026-01-02T09:31:16,AMD,159.0520,882
2026-01-02T09:31:16,AMZN,274.6172,738
2026-01-02T09:31:16,META,547.4962,227
2026-01-02T09:31:16,GOOGL,366.3908,255
2026-01-02T09:31:16,SPY,756.2209,600
2026-01-02T09:31:16,QQQ,650.7561,431
2026-01-02T09:31:17,AAPL,286.6131,832
2026-01-02T09:31:17,MSFT,383.3015,752
2026-01-02T09:31:17,NVDA,190.5206,361
2026-01-02T09:31:17,TSLA,272.3864,491
2026-01-02T09:31:17,AMD,158.8849,347
2026-01-02T09:31:17,AMZN,275.2518,327
2026-01-02T09:31:17,META,547.3552,234
2026-01-02T09:31:17,GOOGL,365.5042,398
2026-01-02T09:31:17,SPY,757.9545,449
2026-01-02T09:31:17,QQQ,651.8957,438
2026-01-02T09:31:18,AAPL,286.7340,830
2026-01-02T09:31:18,MSFT,383.0904,684
2026-01-02T09:31:18,NVDA,190.2551,809
2026-01-02T09:31:18,TSLA,272.7367,239
2026-01-02T09:31:18,AMD,158.7994,193
2026-01-02T09:31:18,AMZN,275.4053,295
2026-01-02T09:31:18,META,546.9550,477
2026-01-02T09:31:18,GOOGL,365.6350,119
2026-01-02T09:31:18,SPY,756.3213,247
2026-01-02T09:31:18,QQQ,651.2065,792
2026-01-02T09:31:19,AAPL,286.2992,794
2026-01-02T09:31:19,MSFT,383.6229,450
2026-01-02T09:31:19,NVDA,190.4667,723
2026-01-02T09:31:19,TSLA,272.7230,367
2026-01-02T09:31:19,AMD,159.1046,865
2026-01-02T09:31:19,AMZN,274.8116,501
2026-01-02T09:31:19,META,547.6798,572
2026-01-02T09:31:19,GOOGL,365.9668,143
2026-01-02T09:31:19,SPY,756.9694,620
2026-01-02T09:31:19,QQQ,650.2643,129
2026-01-02T09:32:20,AAPL,286.5612,693
2026-01-02T09:32:20,MSFT,383.7699,496
2026-01-02T09:32:20,NVDA,190.4340,244
2026-01-02T09:32:20,TSLA,271.9971,787
2026-01-02T09:32:20,AMD,158.9219,867
2026-01-02T09:32:20,AMZN,274.7130,846
2026-01-02T09:32:20,META,548.2230,126
2026-01-02T09:32:20,GOOGL,366.1102,139
2026-01-02T09:32:20,SPY,756.6444,183
2026-01-02T09:32:20,QQQ,650.7449,157
2026-01-02T09:32:21,AAPL,286.1936,394
2026-01-02T09:32:21,MSFT,383.0198,567
2026-01-02T09:32:21,NVDA,190.3632,870
2026-01-02T09:32:21,TSLA,272.1600,454
2026-01-02T09:32:21,AMD,159.2074,675
2026-01-02T09:32:21,AMZN,275.1019,747
2026-01-02T09:32:21,META,547.1421,791
2026-01-02T09:32:21,GOOGL,365.7385,763
2026-01-02T09:32:21,SPY,757.0740,646
2026-01-02T09:32:21,QQQ,650.3893,155
2026-01-02T09:32:22,AAPL,286.8381,558
2026-01-02T09:32:22,MSFT,383.4726,589
2026-01-02T09:32:22,NVDA,190.3468,554
2026-01-02T09:32:22,TSLA,272.0727,207
2026-01-02T09:32:22,AMD,159.0103,272
2026-01-02T09:32:22,AMZN,274.6845,143
2026-01-02T09:32:22,META,547.0450,810
2026-01-02T09:32:22,GOOGL,365.6180,193
2026-01-02T09:32:22,SPY,755.8463,821
2026-01-02T09:32:22,QQQ,650.6524,206
2026-01-02T09:32:23,AAPL,286.4950,252
2026-01-02T09:32:23,MSFT,383.3226,101
2026-01-02T09:32:23,NVDA,190.2850,241
2026-01-02T09:32:23,TSLA,272.2302,306
2026-01-02T09:32:23,AMD,158.8454,722
2026-01-02T09:32:23,AMZN,275.2495,385
2026-01-02T09:32:23,META,547.3866,820
2026-01-02T09:32:23,GOOGL,365.2694,411
2026-01-02T09:32:23,SPY,758.0061,136
2026-01-02T09:32:23,QQQ,650.9120,650
2026-01-02T09:32:24,AAPL,286.3797,843
2026-01-02T09:32:24,MSFT,383.3270,529
2026-01-02T09:32:24,NVDA,190.1831,613
2026-01-02T09:32:24,TSLA,272.0905,478
2026-01-02T09:32:24,AMD,158.9879,412
2026-01-02T09:32:24,AMZN,274.8129,775
2026-01-02T09:32:24,META,547.2288,306
2026-01-02T09:32:24,GOOGL,366.1194,480
2026-01-02T09:32:24,SPY,756.5529,158
2026-01-02T09:32:24,QQQ,650.2255,656
2026-01-02T09:32:25,AAPL,286.2632,656
2026-01-02T09:32:25,MSFT,382.8365,121
2026-01-02T09:32:25,NVDA,190.2041,734
2026-01-02T09:32:25,TSLA,272.3245,317
2026-01-02T09:32:25,AMD,158.8648,609
2026-01-02T09:32:25,AMZN,274.9531,194
2026-01-02T09:32:25,META,547.0517,244
2026-01-02T09:32:25,GOOGL,365.8444,468
2026-01-02T09:32:25,SPY,755.8198,177
2026-01-02T09:32:25,QQQ,650.3261,196
2026-01-02T09:32:26,AAPL,286.8568,588
2026-01-02T09:32:26,MSFT,382.8571,749
2026-01-02T09:32:26,NVDA,190.6700,463
2026-01-02T09:32:26,TSLA,272.5564,805
2026-01-02T09:32:26,AMD,158.8036,685
2026-01-02T09:32:26,AMZN,275.1296,500
2026-01-02T09:32:26,META,548.1965,405
2026-01-02T09:32:26,GOOGL,365.5121,564
2026-01-02T09:32:26,SPY,757.5003,508
2026-01-02T09:32:26,QQQ,650.1575,762
2026-01-02T09:32:27,AAPL,286.6488,210
2026-01-02T09:32:27,MSFT,383.2396,849
2026-01-02T09:32:27,NVDA,190.4766,342
2026-01-02T09:32:27,TSLA,272.1786,612
2026-01-02T09:32:27,AMD,158.9716,589
2026-01-02T09:32:27,AMZN,274.7778,330
2026-01-02T09:32:27,META,547.3057,661
2026-01-02T09:32:27,GOOGL,365.8345,428
2026-01-02T09:32:27,SPY,756.4396,585
2026-01-02T09:32:27,QQQ,649.8183,639
2026-01-02T09:32:28,AAPL,287.0286,424
2026-01-02T09:32:28,MSFT,382.9016,720
2026-01-02T09:32:28,NVDA,190.5428,403
2026-01-02T09:32:28,TSLA,272.4121,526
2026-01-02T09:32:28,AMD,158.9478,463
2026-01-02T09:32:28,AMZN,275.1501,133
2026-01-02T09:32:28,META,547.9802,405
2026-01-02T09:32:28,GOOGL,365.8657,828
2026-01-02T09:32:28,SPY,757.4049,371
2026-01-02T09:32:28,QQQ,651.1201,634
2026-01-02T09:32:29,AAPL,286.9206,596
2026-01-02T09:32:29,MSFT,383.6336,481
2026-01-02T09:32:29,NVDA,190.3036,230
2026-01-02T09:32:29,TSLA,272.3571,404
2026-01-02T09:32:29,AMD,159.1049,584
2026-01-02T09:32:29,AMZN,275.3012,810
2026-01-02T09:32:29,META,548.4382,482
2026-01-02T09:32:29,GOOGL,365.9800,772
2026-01-02T09:32:29,SPY,755.7861,477
2026-01-02T09:32:29,QQQ,651.4608,421
2026-01-02T09:32:30,AAPL,286.9035,332
2026-01-02T09:32:30,MSFT,383.9055,724
2026-01-02T09:32:30,NVDA,190.6609,661
2026-01-02T09:32:30,TSLA,272.3759,620
2026-01-02T09:32:30,AMD,158.9719,647
2026-01-02T09:32:30,AMZN,275.5300,260
2026-01-02T09:32:30,META,548.3214,574
2026-01-02T09:32:30,GOOGL,366.0285,730
2026-01-02T09:32:30,SPY,756.1035,261
2026-01-02T09:32:30,QQQ,651.6379,461
2026-01-02T09:32:31,AAPL,286.9265,899
2026-01-02T09:32:31,MSFT,383.8048,554
2026-01-02T09:32:31,NVDA,190.2489,635
2026-01-02T09:32:31,TSLA,272.8673,811
2026-01-02T09:32:31,AMD,158.8623,351
2026-01-02T09:32:31,AMZN,275.1749,850
2026-01-02T09:32:31,META,547.4179,732
2026-01-02T09:32:31,GOOGL,365.9147,408
2026-01-02T09:32:31,SPY,756.4690,675
2026-01-02T09:32:31,QQQ,650.6152,756
2026-01-02T09:32:32,AAPL,286.9065,343
2026-01-02T09:32:32,MSFT,383.8371,803
2026-01-02T09:32:32,NVDA,190.2560,730
2026-01-02T09:32:32,TSLA,272.6149,389
2026-01-02T09:32:32,AMD,159.1330,375
2026-01-02T09:32:32,AMZN,274.8770,311
2026-01-02T09:32:32,META,548.4461,538
2026-01-02T09:32:32,GOOGL,365.1650,725
2026-01-02T09:32:32,SPY,756.9024,497
2026-01-02T09:32:32,QQQ,649.9809,138
2026-01-02T09:32:33,AAPL,287.0899,98
2026-01-02T09:32:33,MSFT,383.2754,247
2026-01-02T09:32:33,NVDA,190.6094,104
2026-01-02T09:32:33,TSLA,272.5290,338
2026-01-02T09:32:33,AMD,158.9263,143
2026-01-02T09:32:33,AMZN,275.5500,563
2026-01-02T09:32:33,META,548.2855,201
2026-01-02T09:32:33,GOOGL,365.8260,354
2026-01-02T09:32:33,SPY,756.6047,698
2026-01-02T09:32:33,QQQ,650.8454,324
2026-01-02T09:32:34,AAPL,286.7062,81
2026-01-02T09:32:34,MSFT,382.9864,820
2026-01-02T09:32:34,NVDA,190.4684,357
2026-01-02T09:32:34,TSLA,272.8629,744
2026-01-02T09:32:34,AMD,158.9204,821
2026-01-02T09:32:34,AMZN,275.4134,106
2026-01-02T09:32:34,META,548.6886,483
2026-01-02T09:32:34,GOOGL,365.4533,444
2026-01-02T09:32:34,SPY,757.3625,445
2026-01-02T09:32:34,QQQ,651.1523,606
2026-01-02T09:32:35,AAPL,286.9318,148
2026-01-02T09:32:35,MSFT,383.1902,804
2026-01-02T09:32:35,NVDA,190.6291,745
2026-01-02T09:32:35,TSLA,272.5829,707
2026-01-02T09:32:35,AMD,159.1216,467
2026-01-02T09:32:35,AMZN,274.9299,821
2026-01-02T09:32:35,META,547.7974,97
2026-01-02T09:32:35,GOOGL,366.1621,492
2026-01-02T09:32:35,SPY,755.5928,342
2026-01-02T09:32:35,QQQ,650.3617,670
2026-01-02T09:32:36,AAPL,287.0883,371
2026-01-02T09:32:36,MSFT,383.4750,815
2026-01-02T09:32:36,NVDA,190.2711,299
2026-01-02T09:32:36,TSLA,272.2304,231
2026-01-02T09:32:36,AMD,158.9341,486
2026-01-02T09:32:36,AMZN,275.4294,340
2026-01-02T09:32:36,META,548.0247,213
2026-01-02T09:32:36,GOOGL,365.8197,280
2026-01-02T09:32:36,SPY,755.9226,463
2026-01-02T09:32:36,QQQ,649.9044,684
2026-01-02T09:32:37,AAPL,286.7477,166
2026-01-02T09:32:37,MSFT,384.0089,684
2026-01-02T09:32:37,NVDA,190.7861,517
2026-01-02T09:32:37,TSLA,272.4398,290
2026-01-02T09:32:37,AMD,159.0451,80
2026-01-02T09:32:37,AMZN,275.0342,106
2026-01-02T09:32:37,META,547.4000,569
2026-01-02T09:32:37,GOOGL,365.5384,848
2026-01-02T09:32:37,SPY,756.3631,733
2026-01-02T09:32:37,QQQ,650.1143,563
2026-01-02T09:32:38,AAPL,286.7706,461
2026-01-02T09:32:38,MSFT,383.7649,446
2026-01-02T09:32:38,NVDA,190.7904,702
2026-01-02T09:32:38,TSLA,272.2935,891
2026-01-02T09:32:38,AMD,158.7246,892
2026-01-02T09:32:38,AMZN,275.4616,231
2026-01-02T09:32:38,META,547.4273,879
2026-01-02T09:32:38,GOOGL,365.2601,680
2026-01-02T09:32:38,SPY,757.3563,524
2026-01-02T09:32:38,QQQ,649.5824,816
2026-01-02T09:32:39,AAPL,286.5969,578
2026-01-02T09:32:39,MSFT,384.1005,149
2026-01-02T09:32:39,NVDA,190.4043,734
2026-01-02T09:32:39,TSLA,272.4718,818
2026-01-02T09:32:39,AMD,158.7132,271
2026-01-02T09:32:39,AMZN,274.9921,103
2026-01-02T09:32:39,META,548.4618,167
2026-01-02T09:32:39,GOOGL,365.5512,703
2026-01-02T09:32:39,SPY,755.4778,704
2026-01-02T09:32:39,QQQ,649.7243,165
2026-01-02T09:32:40,AAPL,287.1809,107
2026-01-02T09:32:40,MSFT,383.1686,309
2026-01-02T09:32:40,NVDA,190.5179,518
2026-01-02T09:32:40,TSLA,272.3420,710
2026-01-02T09:32:40,AMD,158.8940,740
2026-01-02T09:32:40,AMZN,275.5278,296
2026-01-02T09:32:40,META,547.9241,781
2026-01-02T09:32:40,GOOGL,365.1828,300
2026-01-02T09:32:40,SPY,755.5617,485
2026-01-02T09:32:40,QQQ,649.6297,890
2026-01-02T09:32:41,AAPL,286.8332,406
2026-01-02T09:32:41,MSFT,384.1526,220
2026-01-02T09:32:41,NVDA,190.4742,669
2026-01-02T09:32:41,TSLA,272.8603,501
2026-01-02T09:32:41,AMD,158.9308,733
2026-01-02T09:32:41,AMZN,275.0881,593
2026-01-02T09:32:41,META,548.7509,737
2026-01-02T09:32:41,GOOGL,365.6981,806
2026-01-02T09:32:41,SPY,757.4746,159
2026-01-02T09:32:41,QQQ,651.3896,707
2026-01-02T09:32:42,AAPL,286.8808,485
2026-01-02T09:32:42,MSFT,383.2222,599
2026-01-02T09:32:42,NVDA,190.4949,96
2026-01-02T09:32:42,TSLA,272.9599,399
2026-01-02T09:32:42,AMD,158.9778,538
2026-01-02T09:32:42,AMZN,275.0141,215
2026-01-02T09:32:42,META,547.6474,838
2026-01-02T09:32:42,GOOGL,365.5884,468
2026-01-02T09:32:42,SPY,756.4765,336
2026-01-02T09:32:42,QQQ,650.2378,656
2026-01-02T09:32:43,AAPL,286.5936,523
2026-01-02T09:32:43,MSFT,383.6346,540
2026-01-02T09:32:43,NVDA,190.8214,842
2026-01-02T09:32:43,TSLA,272.3640,411
2026-01-02T09:32:43,AMD,158.8786,782
2026-01-02T09:32:43,AMZN,275.4188,806
2026-01-02T09:32:43,META,548.9571,851
2026-01-02T09:32:43,GOOGL,365.7445,278
2026-01-02T09:32:43,SPY,755.4010,358
2026-01-02T09:32:43,QQQ,650.1596,161
2026-01-02T09:32:44,AAPL,286.9520,581
2026-01-02T09:32:44,MSFT,383.3075,420
2026-01-02T09:32:44,NVDA,190.5804,790
2026-01-02T09:32:44,TSLA,272.5390,188
2026-01-02T09:32:44,AMD,158.7877,208
2026-01-02T09:32:44,AMZN,275.1992,720
2026-01-02T09:32:44,META,547.7075,497
2026-01-02T09:32:44,GOOGL,365.6706,252
2026-01-02T09:32:44,SPY,757.4940,770
2026-01-02T09:32:44,QQQ,651.2565,629
2026-01-02T09:32:45,AAPL,287.1080,122
2026-01-02T09:32:45,MSFT,383.6623,579
2026-01-02T09:32:45,NVDA,190.4226,384
2026-01-02T09:32:45,TSLA,272.2975,690
2026-01-02T09:32:45,AMD,159.0517,463
2026-01-02T09:32:45,AMZN,275.1405,260
2026-01-02T09:32:45,META,547.5817,701
2026-01-02T09:32:45,GOOGL,365.9791,91
2026-01-02T09:32:45,SPY,755.6088,477
2026-01-02T09:32:45,QQQ,650.9951,211
2026-01-02T09:32:46,AAPL,286.7135,302
2026-01-02T09:32:46,MSFT,383.9301,185
2026-01-02T09:32:46,NVDA,190.8267,664
2026-01-02T09:32:46,TSLA,272.8570,502
2026-01-02T09:32:46,AMD,158.9428,557
2026-01-02T09:32:46,AMZN,275.1266,431
2026-01-02T09:32:46,META,548.4601,711
2026-01-02T09:32:46,GOOGL,365.5145,421
2026-01-02T09:32:46,SPY,757.2286,510
2026-01-02T09:32:46,QQQ,650.1199,806
2026-01-02T09:32:47,AAPL,287.2541,673
2026-01-02T09:32:47,MSFT,383.4281,866
2026-01-02T09:32:47,NVDA,190.7973,232
2026-01-02T09:32:47,TSLA,272.9972,438
2026-01-02T09:32:47,AMD,158.8181,705
2026-01-02T09:32:47,AMZN,275.3431,785
2026-01-02T09:32:47,META,548.2445,578
2026-01-02T09:32:47,GOOGL,365.3669,358
2026-01-02T09:32:47,SPY,757.1600,856
2026-01-02T09:32:47,QQQ,650.3727,210
2026-01-02T09:32:48,AAPL,287.1127,444
2026-01-02T09:32:48,MSFT,383.5208,159
2026-01-02T09:32:48,NVDA,190.7130,782
2026-01-02T09:32:48,TSLA,272.3473,772
2026-01-02T09:32:48,AMD,158.9491,532
2026-01-02T09:32:48,AMZN,275.6585,102
2026-01-02T09:32:48,META,548.2998,557
2026-01-02T09:32:48,GOOGL,365.5850,148
2026-01-02T09:32:48,SPY,757.3492,158
2026-01-02T09:32:48,QQQ,650.5416,324
2026-01-02T09:32:49,AAPL,286.6846,427
2026-01-02T09:32:49,MSFT,383.2043,757
2026-01-02T09:32:49,NVDA,190.3753,366
2026-01-02T09:32:49,TSLA,272.7275,372
2026-01-02T09:32:49,AMD,158.8919,634
2026-01-02T09:32:49,AMZN,275.0963,128
2026-01-02T09:32:49,META,548.6287,593
2026-01-02T09:32:49,GOOGL,365.7303,111
2026-01-02T09:32:49,SPY,757.2320,459
2026-01-02T09:32:49,QQQ,650.9202,735
2026-01-02T09:32:50,AAPL,287.1431,261
2026-01-02T09:32:50,MSFT,383.3266,765
2026-01-02T09:32:50,NVDA,190.3234,401
2026-01-02T09:32:50,TSLA,272.6467,497
2026-01-02T09:32:50,AMD,159.0506,480
2026-01-02T09:32:50,AMZN,275.1258,256
2026-01-02T09:32:50,META,547.8338,549
2026-01-02T09:32:50,GOOGL,365.1486,147
2026-01-02T09:32:50,SPY,755.8250,706
2026-01-02T09:32:50,QQQ,650.5778,661
2026-01-02T09:32:51,AAPL,286.7534,813
2026-01-02T09:32:51,MSFT,383.8999,615
2026-01-02T09:32:51,NVDA,190.5296,566
2026-01-02T09:32:51,TSLA,272.2979,820
2026-01-02T09:32:51,AMD,159.0524,579
2026-01-02T09:32:51,AMZN,275.3570,405
2026-01-02T09:32:51,META,547.5672,342
2026-01-02T09:32:51,GOOGL,365.8398,661
2026-01-02T09:32:51,SPY,757.0028,647
2026-01-02T09:32:51,QQQ,649.5480,777
2026-01-02T09:32:52,AAPL,287.0905,431
2026-01-02T09:32:52,MSFT,384.0506,539
2026-01-02T09:32:52,NVDA,190.7046,791
2026-01-02T09:32:52,TSLA,272.4808,425
2026-01-02T09:32:52,AMD,159.0470,374
2026-01-02T09:32:52,AMZN,275.5349,329
2026-01-02T09:32:52,META,548.3266,767
2026-01-02T09:32:52,GOOGL,364.9471,653
2026-01-02T09:32:52,SPY,757.2841,392
2026-01-02T09:32:52,QQQ,650.0350,811
2026-01-02T09:32:53,AAPL,286.8252,863
2026-01-02T09:32:53,MSFT,383.4082,740
2026-01-02T09:32:53,NVDA,190.5916,786
2026-01-02T09:32:53,TSLA,272.6904,281
2026-01-02T09:32:53,AMD,158.7289,467
2026-01-02T09:32:53,AMZN,275.1225,896
2026-01-02T09:32:53,META,549.0631,199
2026-01-02T09:32:53,GOOGL,364.8788,595
2026-01-02T09:32:53,SPY,756.0431,695
2026-01-02T09:32:53,QQQ,649.3135,484
2026-01-02T09:32:54,AAPL,287.3360,592
2026-01-02T09:32:54,MSFT,383.8695,315
2026-01-02T09:32:54,NVDA,190.7347,751
2026-01-02T09:32:54,TSLA,273.0306,627
2026-01-02T09:32:54,AMD,158.6548,588
2026-01-02T09:32:54,AMZN,275.3398,203
2026-01-02T09:32:54,META,547.7482,491
2026-01-02T09:32:54,GOOGL,365.6898,600
2026-01-02T09:32:54,SPY,755.9987,801
2026-01-02T09:32:54,QQQ,649.2402,607
2026-01-02T09:32:55,AAPL,287.1065,472
2026-01-02T09:32:55,MSFT,383.9642,561
2026-01-02T09:32:55,NVDA,190.8804,167
2026-01-02T09:32:55,TSLA,272.5270,668
2026-01-02T09:32:55,AMD,158.6646,306
2026-01-02T09:32:55,AMZN,275.5818,400
2026-01-02T09:32:55,META,549.1515,484
2026-01-02T09:32:55,GOOGL,364.9899,98
2026-01-02T09:32:55,SPY,755.7397,247
2026-01-02T09:32:55,QQQ,649.1755,801
2026-01-02T09:32:56,AAPL,286.5971,142
2026-01-02T09:32:56,MSFT,383.6758,496
2026-01-02T09:32:56,NVDA,190.3676,481
2026-01-02T09:32:56,TSLA,272.8515,833
2026-01-02T09:32:56,AMD,158.7407,550
2026-01-02T09:32:56,AMZN,275.1716,541
2026-01-02T09:32:56,META,548.8609,522
2026-01-02T09:32:56,GOOGL,365.3100,299
2026-01-02T09:32:56,SPY,755.8559,188
2026-01-02T09:32:56,QQQ,650.4037,587
2026-01-02T09:32:57,AAPL,286.9035,690
2026-01-02T09:32:57,MSFT,383.6783,744
2026-01-02T09:32:57,NVDA,190.4473,779
2026-01-02T09:32:57,TSLA,272.6061,550
2026-01-02T09:32:57,AMD,158.9435,182
2026-01-02T09:32:57,AMZN,275.2157,609
2026-01-02T09:32:57,META,548.7892,559
2026-01-02T09:32:57,GOOGL,365.7285,715
2026-01-02T09:32:57,SPY,755.5211,133
2026-01-02T09:32:57,QQQ,651.0238,568
2026-01-02T09:32:58,AAPL,287.0472,365
2026-01-02T09:32:58,MSFT,384.3449,517
2026-01-02T09:32:58,NVDA,190.3800,680
2026-01-02T09:32:58,TSLA,272.6796,80
2026-01-02T09:32:58,AMD,158.6347,461
2026-01-02T09:32:58,AMZN,275.1844,701
2026-01-02T09:32:58,META,548.7055,397
2026-01-02T09:32:58,GOOGL,365.1046,793
2026-01-02T09:32:58,SPY,756.9160,739
2026-01-02T09:32:58,QQQ,650.1960,841
2026-01-02T09:32:59,AAPL,286.7702,245
2026-01-02T09:32:59,MSFT,383.9249,368
2026-01-02T09:32:59,NVDA,190.6838,539
2026-01-02T09:32:59,TSLA,273.0698,361
2026-01-02T09:32:59,AMD,158.5541,632
2026-01-02T09:32:59,AMZN,275.6127,193
2026-01-02T09:32:59,META,548.1065,499
2026-01-02T09:32:59,GOOGL,365.0197,213
2026-01-02T09:32:59,SPY,756.4370,570
2026-01-02T09:32:59,QQQ,649.4498,262
2026-01-02T09:32:00,AAPL,287.0564,340
2026-01-02T09:32:00,MSFT,383.3202,721
2026-01-02T09:32:00,NVDA,190.8629,365
2026-01-02T09:32:00,TSLA,273.1110,168
2026-01-02T09:32:00,AMD,158.6081,241
2026-01-02T09:32:00,AMZN,275.5885,871
2026-01-02T09:32:00,META,549.2157,733
2026-01-02T09:32:00,GOOGL,364.9252,671
2026-01-02T09:32:00,SPY,757.0668,823
2026-01-02T09:32:00,QQQ,649.1114,119
2026-01-02T09:32:01,AAPL,286.8381,222
2026-01-02T09:32:01,MSFT,383.4235,589
2026-01-02T09:32:01,NVDA,190.5062,408
2026-01-02T09:32:01,TSLA,272.7088,120
2026-01-02T09:32:01,AMD,158.6397,705
2026-01-02T09:32:01,AMZN,275.5408,790
2026-01-02T09:32:01,META,549.0905,471
2026-01-02T09:32:01,GOOGL,365.6884,184
2026-01-02T09:32:01,SPY,755.0406,883
2026-01-02T09:32:01,QQQ,649.2280,529
2026-01-02T09:32:02,AAPL,286.7877,508
2026-01-02T09:32:02,MSFT,384.2057,875
2026-01-02T09:32:02,NVDA,190.3906,119
2026-01-02T09:32:02,TSLA,272.9206,564
2026-01-02T09:32:02,AMD,158.7554,88
2026-01-02T09:32:02,AMZN,275.7602,145
2026-01-02T09:32:02,META,549.2072,731
2026-01-02T09:32:02,GOOGL,365.6713,474
2026-01-02T09:32:02,SPY,756.5495,892
2026-01-02T09:32:02,QQQ,649.8141,441
2026-01-02T09:32:03,AAPL,287.2881,207
2026-01-02T09:32:03,MSFT,384.1295,602
2026-01-02T09:32:03,NVDA,190.4077,452
2026-01-02T09:32:03,TSLA,273.0287,234
2026-01-02T09:32:03,AMD,158.5837,668
2026-01-02T09:32:03,AMZN,275.2894,883
2026-01-02T09:32:03,META,549.3606,607
2026-01-02T09:32:03,GOOGL,365.7961,500
2026-01-02T09:32:03,SPY,756.8055,791
2026-01-02T09:32:03,QQQ,650.7554,151
2026-01-02T09:32:04,AAPL,286.7428,599
2026-01-02T09:32:04,MSFT,383.6282,557
2026-01-02T09:32:04,NVDA,190.8466,573
2026-01-02T09:32:04,TSLA,272.6881,593
2026-01-02T09:32:04,AMD,158.5947,718
2026-01-02T09:32:04,AMZN,275.2157,499
2026-01-02T09:32:04,META,549.3278,183
2026-01-02T09:32:04,GOOGL,365.6220,192
2026-01-02T09:32:04,SPY,755.4008,731
2026-01-02T09:32:04,QQQ,650.1692,817
2026-01-02T09:32:05,AAPL,287.3355,724
2026-01-02T09:32:05,MSFT,383.6770,314
2026-01-02T09:32:05,NVDA,190.4483,321
2026-01-02T09:32:05,TSLA,272.9658,586
2026-01-02T09:32:05,AMD,158.7292,873
2026-01-02T09:32:05,AMZN,275.0993,751
2026-01-02T09:32:05,META,548.4006,307
2026-01-02T09:32:05,GOOGL,364.9401,634
2026-01-02T09:32:05,SPY,755.9335,717
2026-01-02T09:32:05,QQQ,650.6933,545
2026-01-02T09:32:06,AAPL,286.7545,94
2026-01-02T09:32:06,MSFT,383.8836,85
2026-01-02T09:32:06,NVDA,190.8322,608
2026-01-02T09:32:06,TSLA,272.8122,749
2026-01-02T09:32:06,AMD,158.6716,591
2026-01-02T09:32:06,AMZN,275.7355,453
2026-01-02T09:32:06,META,549.3451,443
2026-01-02T09:32:06,GOOGL,365.5824,755
2026-01-02T09:32:06,SPY,755.4269,336
2026-01-02T09:32:06,QQQ,649.3064,727
2026-01-02T09:32:07,AAPL,286.9914,887
2026-01-02T09:32:07,MSFT,383.5494,213
2026-01-02T09:32:07,NVDA,190.5991,89
2026-01-02T09:32:07,TSLA,272.5012,719
2026-01-02T09:32:07,AMD,158.6018,190
2026-01-02T09:32:07,AMZN,275.6641,389
2026-01-02T09:32:07,META,549.4289,135
2026-01-02T09:32:07,GOOGL,365.1537,444
2026-01-02T09:32:07,SPY,755.0191,841
2026-01-02T09:32:07,QQQ,648.8434,538
2026-01-02T09:32:08,AAPL,287.0316,307
2026-01-02T09:32:08,MSFT,384.3016,348
2026-01-02T09:32:08,NVDA,190.6600,85
2026-01-02T09:32:08,TSLA,272.6100,702
2026-01-02T09:32:08,AMD,158.5590,746
2026-01-02T09:32:08,AMZN,275.5218,260
2026-01-02T09:32:08,META,548.7063,562
2026-01-02T09:32:08,GOOGL,365.3051,676
2026-01-02T09:32:08,SPY,755.4324,437
2026-01-02T09:32:08,QQQ,649.2509,263
2026-01-02T09:32:09,AAPL,287.3761,169
2026-01-02T09:32:09,MSFT,384.3144,271
2026-01-02T09:32:09,NVDA,190.7994,330
2026-01-02T09:32:09,TSLA,272.7199,870
2026-01-02T09:32:09,AMD,158.5894,305
2026-01-02T09:32:09,AMZN,275.3941,243
2026-01-02T09:32:09,META,548.9093,789
2026-01-02T09:32:09,GOOGL,365.7251,539
2026-01-02T09:32:09,SPY,756.2851,167
2026-01-02T09:32:09,QQQ,649.3097,414
2026-01-02T09:32:10,AAPL,287.3448,474
2026-01-02T09:32:10,MSFT,383.5277,504
2026-01-02T09:32:10,NVDA,190.5853,726
2026-01-02T09:32:10,TSLA,272.5240,890
2026-01-02T09:32:10,AMD,158.6857,180
2026-01-02T09:32:10,AMZN,275.9350,824
2026-01-02T09:32:10,META,549.3788,546
2026-01-02T09:32:10,GOOGL,364.7522,381
2026-01-02T09:32:10,SPY,756.2390,238
2026-01-02T09:32:10,QQQ,650.4511,289
2026-01-02T09:32:11,AAPL,286.9569,323
2026-01-02T09:32:11,MSFT,384.3267,123
2026-01-02T09:32:11,NVDA,190.4544,696
2026-01-02T09:32:11,TSLA,273.0276,219
2026-01-02T09:32:11,AMD,158.7573,507
2026-01-02T09:32:11,AMZN,275.8959,671
2026-01-02T09:32:11,META,548.0914,830
2026-01-02T09:32:11,GOOGL,364.9012,812
2026-01-02T09:32:11,SPY,756.5848,655
2026-01-02T09:32:11,QQQ,648.9733,239
2026-01-02T09:32:12,AAPL,286.8622,431
2026-01-02T09:32:12,MSFT,383.8200,386
2026-01-02T09:32:12,NVDA,190.6811,625
2026-01-02T09:32:12,TSLA,272.7344,226
2026-01-02T09:32:12,AMD,158.8244,387
2026-01-02T09:32:12,AMZN,275.8484,595
2026-01-02T09:32:12,META,549.3012,566
2026-01-02T09:32:12,GOOGL,365.2743,705
2026-01-02T09:32:12,SPY,756.6481,122
2026-01-02T09:32:12,QQQ,650.6122,375
2026-01-02T09:32:13,AAPL,287.1857,191
2026-01-02T09:32:13,MSFT,384.0416,586
2026-01-02T09:32:13,NVDA,190.8648,653
2026-01-02T09:32:13,TSLA,272.7688,595
2026-01-02T09:32:13,AMD,158.5012,850
2026-01-02T09:32:13,AMZN,275.3795,263
2026-01-02T09:32:13,META,549.1716,172
2026-01-02T09:32:13,GOOGL,365.3598,96
2026-01-02T09:32:13,SPY,755.8207,137
2026-01-02T09:32:13,QQQ,648.9158,234
2026-01-02T09:32:14,AAPL,286.7677,360
2026-01-02T09:32:14,MSFT,384.0234,815
2026-01-02T09:32:14,NVDA,190.7361,382
2026-01-02T09:32:14,TSLA,272.7742,250
2026-01-02T09:32:14,AMD,158.7452,536
2026-01-02T09:32:14,AMZN,275.8900,765
2026-01-02T09:32:14,META,549.2377,385
2026-01-02T09:32:14,GOOGL,364.7470,740
2026-01-02T09:32:14,SPY,756.6312,890
2026-01-02T09:32:14,QQQ,648.7165,803
2026-01-02T09:32:15,AAPL,286.9903,664
2026-01-02T09:32:15,MSFT,383.6735,275
2026-01-02T09:32:15,NVDA,190.5922,386
2026-01-02T09:32:15,TSLA,272.4909,653
2026-01-02T09:32:15,AMD,158.6503,363
2026-01-02T09:32:15,AMZN,275.6499,817
2026-01-02T09:32:15,META,548.4366,166
2026-01-02T09:32:15,GOOGL,365.4257,617
2026-01-02T09:32:15,SPY,756.3015,506
2026-01-02T09:32:15,QQQ,648.9794,86
2026-01-02T09:32:16,AAPL,287.0131,876
2026-01-02T09:32:16,MSFT,384.3836,467
2026-01-02T09:32:16,NVDA,190.5161,229
2026-01-02T09:32:16,TSLA,272.6000,838
2026-01-02T09:32:16,AMD,158.6296,573
2026-01-02T09:32:16,AMZN,275.8346,672
2026-01-02T09:32:16,META,549.1269,418
2026-01-02T09:32:16,GOOGL,365.2707,812
2026-01-02T09:32:16,SPY,756.5011,281
2026-01-02T09:32:16,QQQ,649.9256,818
2026-01-02T09:32:17,AAPL,287.3734,333
2026-01-02T09:32:17,MSFT,384.2354,741
2026-01-02T09:32:17,NVDA,190.8348,564
2026-01-02T09:32:17,TSLA,272.6023,451
2026-01-02T09:32:17,AMD,158.5664,104
2026-01-02T09:32:17,AMZN,275.3715,131
2026-01-02T09:32:17,META,548.2187,739
2026-01-02T09:32:17,GOOGL,365.5172,742
2026-01-02T09:32:17,SPY,756.5867,366
2026-01-02T09:32:17,QQQ,650.1950,612
2026-01-02T09:32:18,AAPL,286.9110,413
2026-01-02T09:32:18,MSFT,384.6496,633
2026-01-02T09:32:18,NVDA,190.6282,319
2026-01-02T09:32:18,TSLA,272.7293,625
2026-01-02T09:32:18,AMD,158.5346,520
2026-01-02T09:32:18,AMZN,275.9026,899
2026-01-02T09:32:18,META,549.5116,516
2026-01-02T09:32:18,GOOGL,365.2998,463
2026-01-02T09:32:18,SPY,754.4630,604
2026-01-02T09:32:18,QQQ,649.4828,812
2026-01-02T09:32:19,AAPL,286.8649,660
2026-01-02T09:32:19,MSFT,384.4156,881
2026-01-02T09:32:19,NVDA,190.5626,197
2026-01-02T09:32:19,TSLA,273.0569,536
2026-01-02T09:32:19,AMD,158.5872,659
2026-01-02T09:32:19,AMZN,276.0097,361
2026-01-02T09:32:19,META,548.0956,530
2026-01-02T09:32:19,GOOGL,365.2853,671
2026-01-02T09:32:19,SPY,755.6951,213
2026-01-02T09:32:19,QQQ,650.3270,738
2026-01-02T09:32:20,AAPL,287.5500,302
2026-01-02T09:32:20,MSFT,384.5657,744
2026-01-02T09:32:20,NVDA,190.9040,327
2026-01-02T09:32:20,TSLA,272.8282,709
2026-01-02T09:32:20,AMD,158.6932,294
2026-01-02T09:32:20,AMZN,275.5598,88
2026-01-02T09:32:20,META,549.3034,236
2026-01-02T09:32:20,GOOGL,365.5911,428
2026-01-02T09:32:20,SPY,754.2838,500
2026-01-02T09:32:20,QQQ,649.7484,315
2026-01-02T09:32:21,AAPL,287.4603,762
2026-01-02T09:32:21,MSFT,384.5134,701
2026-01-02T09:32:21,NVDA,190.7295,102
2026-01-02T09:32:21,TSLA,273.0086,650
2026-01-02T09:32:21,AMD,158.4766,895
2026-01-02T09:32:21,AMZN,275.9960,764
2026-01-02T09:32:21,META,549.2264,477
2026-01-02T09:32:21,GOOGL,364.5686,374
2026-01-02T09:32:21,SPY,754.5695,825
2026-01-02T09:32:21,QQQ,648.5287,90
2026-01-02T09:32:22,AAPL,286.9458,728
2026-01-02T09:32:22,MSFT,383.7740,486
2026-01-02T09:32:22,NVDA,190.6806,426
2026-01-02T09:32:22,TSLA,273.0917,444
2026-01-02T09:32:22,AMD,158.7907,170
2026-01-02T09:32:22,AMZN,275.2832,667
2026-01-02T09:32:22,META,548.9531,628
2026-01-02T09:32:22,GOOGL,365.2666,223
2026-01-02T09:32:22,SPY,755.3717,549
2026-01-02T09:32:22,QQQ,649.5940,205
2026-01-02T09:32:23,AAPL,287.6436,551
2026-01-02T09:32:23,MSFT,383.9072,443
2026-01-02T09:32:23,NVDA,191.0228,540
2026-01-02T09:32:23,TSLA,272.7431,784
2026-01-02T09:32:23,AMD,158.5632,127
2026-01-02T09:32:23,AMZN,275.6907,666
2026-01-02T09:32:23,META,548.6051,188
2026-01-02T09:32:23,GOOGL,364.7142,214
2026-01-02T09:32:23,SPY,754.7982,484
2026-01-02T09:32:23,QQQ,648.8384,874
2026-01-02T09:32:24,AAPL,287.4018,818
2026-01-02T09:32:24,MSFT,383.8301,674
2026-01-02T09:32:24,NVDA,190.9528,386
2026-01-02T09:32:24,TSLA,273.0641,189
2026-01-02T09:32:24,AMD,158.8781,380
2026-01-02T09:32:24,AMZN,275.6160,696
