timestamp,symbol,price,volume
2026-01-02T09:30:00,AAPL,288.0410,527
2026-01-02T09:30:00,MSFT,393.2756,486
2026-01-02T09:30:00,NVDA,195.6891,185
2026-01-02T09:30:00,TSLA,243.1587,825
2026-01-02T09:30:00,AMD,162.3713,242
2026-01-02T09:30:00,AMZN,272.6808,578
2026-01-02T09:30:00,META,590.4962,170
2026-01-02T09:30:00,GOOGL,387.3181,625
2026-01-02T09:30:00,SPY,753.0236,232
2026-01-02T09:30:00,QQQ,705.9210,167
2026-01-02T09:30:01,AAPL,288.2667,526
2026-01-02T09:30:01,MSFT,393.3831,617
2026-01-02T09:30:01,NVDA,195.6710,589
2026-01-02T09:30:01,TSLA,243.2624,366
2026-01-02T09:30:01,AMD,162.1253,633
2026-01-02T09:30:01,AMZN,272.9100,594
2026-01-02T09:30:01,META,591.5571,165
2026-01-02T09:30:01,GOOGL,386.9370,710
2026-01-02T09:30:01,SPY,753.7609,673
2026-01-02T09:30:01,QQQ,707.1042,769
2026-01-02T09:30:02,AAPL,288.2710,558
2026-01-02T09:30:02,MSFT,393.3640,724
2026-01-02T09:30:02,NVDA,195.5060,112
2026-01-02T09:30:02,TSLA,243.4802,346
2026-01-02T09:30:02,AMD,161.9655,230
2026-01-02T09:30:02,AMZN,272.9136,850
2026-01-02T09:30:02,META,591.1982,865
2026-01-02T09:30:02,GOOGL,387.9703,269
2026-01-02T09:30:02,SPY,753.4065,874
2026-01-02T09:30:02,QQQ,706.5362,159
2026-01-02T09:30:03,AAPL,287.6271,476
2026-01-02T09:30:03,MSFT,394.4174,685
2026-01-02T09:30:03,NVDA,195.8958,322
2026-01-02T09:30:03,TSLA,243.1670,192
2026-01-02T09:30:03,AMD,161.9799,791
2026-01-02T09:30:03,AMZN,273.2966,98
2026-01-02T09:30:03,META,591.5787,841
2026-01-02T09:30:03,GOOGL,387.7895,584
2026-01-02T09:30:03,SPY,753.0478,139
2026-01-02T09:30:03,QQQ,706.1219,89
2026-01-02T09:30:04,AAPL,287.8756,147
2026-01-02T09:30:04,MSFT,393.8324,746
2026-01-02T09:30:04,NVDA,195.5522,766
2026-01-02T09:30:04,TSLA,243.6168,574
2026-01-02T09:30:04,AMD,161.9779,528
2026-01-02T09:30:04,AMZN,273.1159,194
2026-01-02T09:30:04,META,591.6313,88
2026-01-02T09:30:04,GOOGL,387.6862,97
2026-01-02T09:30:04,SPY,753.2320,595
2026-01-02T09:30:04,QQQ,706.3778,84
2026-01-02T09:30:05,AAPL,288.3243,695
2026-01-02T09:30:05,MSFT,393.9269,191
2026-01-02T09:30:05,NVDA,195.6216,900
2026-01-02T09:30:05,TSLA,243.7307,193
2026-01-02T09:30:05,AMD,162.0662,179
2026-01-02T09:30:05,AMZN,272.7942,581
2026-01-02T09:30:05,META,590.4634,869
2026-01-02T09:30:05,GOOGL,387.3504,717
2026-01-02T09:30:05,SPY,753.7565,461
2026-01-02T09:30:05,QQQ,705.6546,461
2026-01-02T09:30:06,AAPL,288.3392,331
2026-01-02T09:30:06,MSFT,394.1012,695
2026-01-02T09:30:06,NVDA,195.6576,486
2026-01-02T09:30:06,TSLA,243.1418,458
2026-01-02T09:30:06,AMD,162.0573,301
2026-01-02T09:30:06,AMZN,272.8915,255
2026-01-02T09:30:06,META,590.2979,831
2026-01-02T09:30:06,GOOGL,387.2406,247
2026-01-02T09:30:06,SPY,753.1377,319
2026-01-02T09:30:06,QQQ,705.3737,800
2026-01-02T09:30:07,AAPL,288.2884,150
2026-01-02T09:30:07,MSFT,394.4789,361
2026-01-02T09:30:07,NVDA,195.5924,685
2026-01-02T09:30:07,TSLA,243.7689,343
2026-01-02T09:30:07,AMD,162.2027,85
2026-01-02T09:30:07,AMZN,273.0792,620
2026-01-02T09:30:07,META,591.6300,639
2026-01-02T09:30:07,GOOGL,386.8907,645
2026-01-02T09:30:07,SPY,752.5400,814
2026-01-02T09:30:07,QQQ,706.0500,726
2026-01-02T09:30:08,AAPL,287.6989,552
2026-01-02T09:30:08,MSFT,394.4782,527
2026-01-02T09:30:08,NVDA,195.8262,750
2026-01-02T09:30:08,TSLA,243.2431,334
2026-01-02T09:30:08,AMD,162.2953,777
2026-01-02T09:30:08,AMZN,273.1432,868
2026-01-02T09:30:08,META,590.7705,204
2026-01-02T09:30:08,GOOGL,386.9755,202
2026-01-02T09:30:08,SPY,752.8970,294
2026-01-02T09:30:08,QQQ,705.7023,372
2026-01-02T09:30:09,AAPL,287.7172,207
2026-01-02T09:30:09,MSFT,394.3331,461
2026-01-02T09:30:09,NVDA,195.6299,794
2026-01-02T09:30:09,TSLA,243.8877,658
2026-01-02T09:30:09,AMD,162.1985,718
2026-01-02T09:30:09,AMZN,272.9929,193
2026-01-02T09:30:09,META,591.1453,775
2026-01-02T09:30:09,GOOGL,387.4255,690
2026-01-02T09:30:09,SPY,752.7398,367
2026-01-02T09:30:09,QQQ,705.7756,472
2026-01-02T09:30:10,AAPL,288.4560,174
2026-01-02T09:30:10,MSFT,394.3214,615
2026-01-02T09:30:10,NVDA,196.0363,360
2026-01-02T09:30:10,TSLA,243.4205,268
2026-01-02T09:30:10,AMD,162.3090,240
2026-01-02T09:30:10,AMZN,272.8096,465
2026-01-02T09:30:10,META,591.3272,246
2026-01-02T09:30:10,GOOGL,387.0177,506
2026-01-02T09:30:10,SPY,752.6815,871
2026-01-02T09:30:10,QQQ,706.8451,729
2026-01-02T09:30:11,AAPL,288.3503,153
2026-01-02T09:30:11,MSFT,394.5322,513
2026-01-02T09:30:11,NVDA,195.9501,181
2026-01-02T09:30:11,TSLA,243.5953,610
2026-01-02T09:30:11,AMD,162.2486,463
2026-01-02T09:30:11,AMZN,273.1869,726
2026-01-02T09:30:11,META,591.0599,302
2026-01-02T09:30:11,GOOGL,386.8618,554
2026-01-02T09:30:11,SPY,753.5307,642
2026-01-02T09:30:11,QQQ,706.4632,163
2026-01-02T09:30:12,AAPL,288.0471,285
2026-01-02T09:30:12,MSFT,394.3887,407
2026-01-02T09:30:12,NVDA,195.8918,127
2026-01-02T09:30:12,TSLA,243.8143,898
2026-01-02T09:30:12,AMD,162.2463,731
2026-01-02T09:30:12,AMZN,273.2417,647
2026-01-02T09:30:12,META,591.5806,641
2026-01-02T09:30:12,GOOGL,387.6121,724
2026-01-02T09:30:12,SPY,753.2152,411
2026-01-02T09:30:12,QQQ,705.9205,87
2026-01-02T09:30:13,AAPL,288.1573,90
2026-01-02T09:30:13,MSFT,394.1959,841
2026-01-02T09:30:13,NVDA,195.8423,556
2026-01-02T09:30:13,TSLA,243.2109,225
2026-01-02T09:30:13,AMD,161.9918,249
2026-01-02T09:30:13,AMZN,273.0113,613
2026-01-02T09:30:13,META,590.4010,778
2026-01-02T09:30:13,GOOGL,387.6235,200
2026-01-02T09:30:13,SPY,753.5935,158
2026-01-02T09:30:13,QQQ,706.4820,632
2026-01-02T09:30:14,AAPL,288.4811,129
2026-01-02T09:30:14,MSFT,394.1172,138
2026-01-02T09:30:14,NVDA,195.9771,255
2026-01-02T09:30:14,TSLA,243.3557,787
2026-01-02T09:30:14,AMD,162.3213,421
2026-01-02T09:30:14,AMZN,272.7903,556
2026-01-02T09:30:14,META,591.5211,107
2026-01-02T09:30:14,GOOGL,386.8190,774
2026-01-02T09:30:14,SPY,752.6722,413
2026-01-02T09:30:14,QQQ,707.0561,84
2026-01-02T09:30:15,AAPL,288.1638,683
2026-01-02T09:30:15,MSFT,393.7096,768
2026-01-02T09:30:15,NVDA,195.6931,215
2026-01-02T09:30:15,TSLA,243.3977,196
2026-01-02T09:30:15,AMD,162.2854,190
2026-01-02T09:30:15,AMZN,272.7246,573
2026-01-02T09:30:15,META,590.2816,525
2026-01-02T09:30:15,GOOGL,387.6284,639
2026-01-02T09:30:15,SPY,752.4303,660
2026-01-02T09:30:15,QQQ,705.2214,484
2026-01-02T09:30:16,AAPL,287.9977,770
2026-01-02T09:30:16,MSFT,394.3942,594
2026-01-02T09:30:16,NVDA,196.0621,838
2026-01-02T09:30:16,TSLA,243.6680,530
2026-01-02T09:30:16,AMD,161.9853,156
2026-01-02T09:30:16,AMZN,273.2934,618
2026-01-02T09:30:16,META,590.4855,687
2026-01-02T09:30:16,GOOGL,387.3716,368
2026-01-02T09:30:16,SPY,752.3530,450
2026-01-02T09:30:16,QQQ,706.5288,860
2026-01-02T09:30:17,AAPL,288.1177,590
2026-01-02T09:30:17,MSFT,393.8113,786
2026-01-02T09:30:17,NVDA,196.0340,820
2026-01-02T09:30:17,TSLA,243.5218,241
2026-01-02T09:30:17,AMD,161.9710,745
2026-01-02T09:30:17,AMZN,272.9891,652
2026-01-02T09:30:17,META,591.5964,870
2026-01-02T09:30:17,GOOGL,387.3805,547
2026-01-02T09:30:17,SPY,753.7572,758
2026-01-02T09:30:17,QQQ,706.2772,867
2026-01-02T09:30:18,AAPL,288.2943,90
2026-01-02T09:30:18,MSFT,394.0609,256
2026-01-02T09:30:18,NVDA,195.6533,569
2026-01-02T09:30:18,TSLA,243.5346,760
2026-01-02T09:30:18,AMD,162.2275,369
2026-01-02T09:30:18,AMZN,273.0465,782
2026-01-02T09:30:18,META,590.3902,273
2026-01-02T09:30:18,GOOGL,386.8724,564
2026-01-02T09:30:18,SPY,752.9563,760
2026-01-02T09:30:18,QQQ,705.7547,702
2026-01-02T09:30:19,AAPL,288.3032,389
2026-01-02T09:30:19,MSFT,393.8506,339
2026-01-02T09:30:19,NVDA,195.9837,678
2026-01-02T09:30:19,TSLA,243.4502,332
2026-01-02T09:30:19,AMD,162.3079,729
2026-01-02T09:30:19,AMZN,273.2229,367
2026-01-02T09:30:19,META,591.5848,693
2026-01-02T09:30:19,GOOGL,387.1643,210
2026-01-02T09:30:19,SPY,753.7978,797
2026-01-02T09:30:19,QQQ,706.4834,169
2026-01-02T09:30:20,AAPL,288.4667,369
2026-01-02T09:30:20,MSFT,394.3079,199
2026-01-02T09:30:20,NVDA,195.7670,615
2026-01-02T09:30:20,TSLA,243.5717,209
2026-01-02T09:30:20,AMD,162.1920,439
2026-01-02T09:30:20,AMZN,273.4301,536
2026-01-02T09:30:20,META,590.2337,107
2026-01-02T09:30:20,GOOGL,387.0789,99
2026-01-02T09:30:20,SPY,751.6000,88
2026-01-02T09:30:20,QQQ,706.2037,624
2026-01-02T09:30:21,AAPL,288.3342,247
2026-01-02T09:30:21,MSFT,393.8488,893
2026-01-02T09:30:21,NVDA,195.6344,884
2026-01-02T09:30:21,TSLA,243.5926,510
2026-01-02T09:30:21,AMD,161.8799,97
2026-01-02T09:30:21,AMZN,272.7305,356
2026-01-02T09:30:21,META,591.2447,485
2026-01-02T09:30:21,GOOGL,387.2172,122
2026-01-02T09:30:21,SPY,751.7425,167
2026-01-02T09:30:21,QQQ,706.7061,407
2026-01-02T09:30:22,AAPL,287.9926,811
2026-01-02T09:30:22,MSFT,394.3974,492
2026-01-02T09:30:22,NVDA,196.1059,368
2026-01-02T09:30:22,TSLA,243.6052,536
2026-01-02T09:30:22,AMD,162.0621,673
2026-01-02T09:30:22,AMZN,273.2774,719
2026-01-02T09:30:22,META,590.9558,188
2026-01-02T09:30:22,GOOGL,386.6052,210
2026-01-02T09:30:22,SPY,752.3355,196
2026-01-02T09:30:22,QQQ,706.7769,424
2026-01-02T09:30:23,AAPL,288.0878,171
2026-01-02T09:30:23,MSFT,394.0551,80
2026-01-02T09:30:23,NVDA,196.0277,112
2026-01-02T09:30:23,TSLA,243.7457,422
2026-01-02T09:30:23,AMD,162.1122,485
2026-01-02T09:30:23,AMZN,273.0047,167
2026-01-02T09:30:23,META,592.0143,648
2026-01-02T09:30:23,GOOGL,387.0674,301
2026-01-02T09:30:23,SPY,751.7510,618
2026-01-02T09:30:23,QQQ,705.1383,317
2026-01-02T09:30:24,AAPL,288.5354,738
2026-01-02T09:30:24,MSFT,394.2624,728
2026-01-02T09:30:24,NVDA,196.0568,227
2026-01-02T09:30:24,TSLA,243.3541,693
2026-01-02T09:30:24,AMD,162.2621,295
2026-01-02T09:30:24,AMZN,272.9009,376
2026-01-02T09:30:24,META,590.6724,591
2026-01-02T09:30:24,GOOGL,387.6286,490
2026-01-02T09:30:24,SPY,752.4512,229
2026-01-02T09:30:24,QQQ,705.3682,577
2026-01-02T09:30:25,AAPL,288.5987,251
2026-01-02T09:30:25,MSFT,393.7777,210
2026-01-02T09:30:25,NVDA,195.9517,384
2026-01-02T09:30:25,TSLA,243.3887,767
2026-01-02T09:30:25,AMD,162.2122,280
2026-01-02T09:30:25,AMZN,272.7534,847
2026-01-02T09:30:25,META,591.7270,731
2026-01-02T09:30:25,GOOGL,386.9045,898
2026-01-02T09:30:25,SPY,752.2591,837
2026-01-02T09:30:25,QQQ,705.5108,182
2026-01-02T09:30:26,AAPL,288.4672,848
2026-01-02T09:30:26,MSFT,394.3232,662
2026-01-02T09:30:26,NVDA,196.1895,465
2026-01-02T09:30:26,TSLA,243.6944,247
2026-01-02T09:30:26,AMD,162.2052,487
2026-01-02T09:30:26,AMZN,273.0104,899
2026-01-02T09:30:26,META,590.5539,464
2026-01-02T09:30:26,GOOGL,386.6898,231
2026-01-02T09:30:26,SPY,753.1821,818
2026-01-02T09:30:26,QQQ,705.7337,605
2026-01-02T09:30:27,AAPL,288.6926,214
2026-01-02T09:30:27,MSFT,393.6654,255
2026-01-02T09:30:27,NVDA,195.9408,514
2026-01-02T09:30:27,TSLA,243.6410,790
2026-01-02T09:30:27,AMD,161.8411,393
2026-01-02T09:30:27,AMZN,273.3874,111
2026-01-02T09:30:27,META,590.4823,589
2026-01-02T09:30:27,GOOGL,386.7057,733
2026-01-02T09:30:27,SPY,752.5045,762
2026-01-02T09:30:27,QQQ,705.4906,276
2026-01-02T09:30:28,AAPL,288.0995,830
2026-01-02T09:30:28,MSFT,393.9083,279
2026-01-02T09:30:28,NVDA,195.8087,401
2026-01-02T09:30:28,TSLA,243.8812,135
2026-01-02T09:30:28,AMD,161.7988,342
2026-01-02T09:30:28,AMZN,272.8699,351
2026-01-02T09:30:28,META,592.1554,587
2026-01-02T09:30:28,GOOGL,386.7621,479
2026-01-02T09:30:28,SPY,753.0873,880
2026-01-02T09:30:28,QQQ,706.0103,699
2026-01-02T09:30:29,AAPL,288.5273,218
2026-01-02T09:30:29,MSFT,393.9953,628
2026-01-02T09:30:29,NVDA,195.9778,741
2026-01-02T09:30:29,TSLA,243.8821,84
2026-01-02T09:30:29,AMD,162.1467,527
2026-01-02T09:30:29,AMZN,273.1768,162
2026-01-02T09:30:29,META,591.4536,481
2026-01-02T09:30:29,GOOGL,386.7584,177
2026-01-02T09:30:29,SPY,752.8033,666
2026-01-02T09:30:29,QQQ,705.2321,545
2026-01-02T09:30:30,AAPL,288.1262,855
2026-01-02T09:30:30,MSFT,393.7518,322
2026-01-02T09:30:30,NVDA,196.2115,129
2026-01-02T09:30:30,TSLA,243.9225,472
2026-01-02T09:30:30,AMD,162.2492,707
2026-01-02T09:30:30,AMZN,273.2039,566
2026-01-02T09:30:30,META,591.9093,871
2026-01-02T09:30:30,GOOGL,387.0153,246
2026-01-02T09:30:30,SPY,753.1982,508
2026-01-02T09:30:30,QQQ,705.0270,414
2026-01-02T09:30:31,AAPL,288.3500,335
2026-01-02T09:30:31,MSFT,393.7482,436
2026-01-02T09:30:31,NVDA,195.8154,787
2026-01-02T09:30:31,TSLA,243.3560,583
2026-01-02T09:30:31,AMD,162.0607,388
2026-01-02T09:30:31,AMZN,273.5549,855
2026-01-02T09:30:31,META,591.4502,681
2026-01-02T09:30:31,GOOGL,386.7317,369
2026-01-02T09:30:31,SPY,751.3612,723
2026-01-02T09:30:31,QQQ,705.6675,631
2026-01-02T09:30:32,AAPL,288.4938,673
2026-01-02T09:30:32,MSFT,394.0187,280
2026-01-02T09:30:32,NVDA,196.2354,625
2026-01-02T09:30:32,TSLA,243.7444,450
2026-01-02T09:30:32,AMD,161.8416,476
2026-01-02T09:30:32,AMZN,273.5574,686
2026-01-02T09:30:32,META,591.8573,724
2026-01-02T09:30:32,GOOGL,386.5684,696
2026-01-02T09:30:32,SPY,753.2545,224
2026-01-02T09:30:32,QQQ,704.6589,421
2026-01-02T09:30:33,AAPL,288.2454,115
2026-01-02T09:30:33,MSFT,393.7669,208
2026-01-02T09:30:33,NVDA,196.1530,306
2026-01-02T09:30:33,TSLA,243.7726,749
2026-01-02T09:30:33,AMD,161.9665,493
2026-01-02T09:30:33,AMZN,273.2487,366
2026-01-02T09:30:33,META,590.6976,717
2026-01-02T09:30:33,GOOGL,387.3689,586
2026-01-02T09:30:33,SPY,751.9430,634
2026-01-02T09:30:33,QQQ,705.2549,591
2026-01-02T09:30:34,AAPL,288.1446,130
2026-01-02T09:30:34,MSFT,393.7783,487
2026-01-02T09:30:34,NVDA,195.8393,162
2026-01-02T09:30:34,TSLA,243.8794,489
2026-01-02T09:30:34,AMD,161.8080,690
2026-01-02T09:30:34,AMZN,273.2018,523
2026-01-02T09:30:34,META,590.6663,798
2026-01-02T09:30:34,GOOGL,386.9391,494
2026-01-02T09:30:34,SPY,751.4983,265
2026-01-02T09:30:34,QQQ,705.2925,226
2026-01-02T09:30:35,AAPL,288.7332,244
2026-01-02T09:30:35,MSFT,394.8255,282
2026-01-02T09:30:35,NVDA,195.8570,583
2026-01-02T09:30:35,TSLA,243.9629,885
2026-01-02T09:30:35,AMD,162.1781,648
2026-01-02T09:30:35,AMZN,273.3506,307
2026-01-02T09:30:35,META,592.0896,701
2026-01-02T09:30:35,GOOGL,386.9334,658
2026-01-02T09:30:35,SPY,751.2343,583
2026-01-02T09:30:35,QQQ,705.6088,771
2026-01-02T09:30:36,AAPL,288.7061,319
2026-01-02T09:30:36,MSFT,394.8292,286
2026-01-02T09:30:36,NVDA,195.9549,586
2026-01-02T09:30:36,TSLA,243.9117,405
2026-01-02T09:30:36,AMD,161.9723,738
2026-01-02T09:30:36,AMZN,273.0178,98
2026-01-02T09:30:36,META,591.3941,829
2026-01-02T09:30:36,GOOGL,387.2247,681
2026-01-02T09:30:36,SPY,752.8227,532
2026-01-02T09:30:36,QQQ,706.2042,493
2026-01-02T09:30:37,AAPL,288.3709,509
2026-01-02T09:30:37,MSFT,393.9928,404
2026-01-02T09:30:37,NVDA,195.7773,180
2026-01-02T09:30:37,TSLA,243.7053,781
2026-01-02T09:30:37,AMD,162.0475,264
2026-01-02T09:30:37,AMZN,273.1865,295
2026-01-02T09:30:37,META,590.9995,638
2026-01-02T09:30:37,GOOGL,386.3925,587
2026-01-02T09:30:37,SPY,751.9482,625
2026-01-02T09:30:37,QQQ,704.8370,897
2026-01-02T09:30:38,AAPL,288.3420,491
2026-01-02T09:30:38,MSFT,394.0181,233
2026-01-02T09:30:38,NVDA,196.0769,674
2026-01-02T09:30:38,TSLA,243.5987,281
2026-01-02T09:30:38,AMD,161.7698,789
2026-01-02T09:30:38,AMZN,273.5341,791
2026-01-02T09:30:38,META,590.7526,864
2026-01-02T09:30:38,GOOGL,387.2647,208
2026-01-02T09:30:38,SPY,751.1739,810
2026-01-02T09:30:38,QQQ,705.6778,613
2026-01-02T09:30:39,AAPL,288.4691,573
2026-01-02T09:30:39,MSFT,394.0427,294
2026-01-02T09:30:39,NVDA,195.8796,756
2026-01-02T09:30:39,TSLA,243.7717,777
2026-01-02T09:30:39,AMD,162.1636,746
2026-01-02T09:30:39,AMZN,273.4597,386
2026-01-02T09:30:39,META,590.9634,147
2026-01-02T09:30:39,GOOGL,386.9359,770
2026-01-02T09:30:39,SPY,753.1196,853
2026-01-02T09:30:39,QQQ,704.7274,268
2026-01-02T09:30:40,AAPL,288.4707,698
2026-01-02T09:30:40,MSFT,394.3729,273
2026-01-02T09:30:40,NVDA,195.9369,783
2026-01-02T09:30:40,TSLA,243.9573,881
2026-01-02T09:30:40,AMD,162.1305,420
2026-01-02T09:30:40,AMZN,272.9964,549
2026-01-02T09:30:40,META,592.0761,431
2026-01-02T09:30:40,GOOGL,387.3988,463
2026-01-02T09:30:40,SPY,751.6610,631
2026-01-02T09:30:40,QQQ,705.1124,333
2026-01-02T09:30:41,AAPL,288.3243,777
2026-01-02T09:30:41,MSFT,394.5663,468
2026-01-02T09:30:41,NVDA,196.0805,792
2026-01-02T09:30:41,TSLA,243.4642,80
2026-01-02T09:30:41,AMD,161.7422,417
2026-01-02T09:30:41,AMZN,273.2522,487
2026-01-02T09:30:41,META,591.5286,658
2026-01-02T09:30:41,GOOGL,386.5476,187
2026-01-02T09:30:41,SPY,752.9577,250
2026-01-02T09:30:41,QQQ,705.5241,623
2026-01-02T09:30:42,AAPL,288.1054,161
2026-01-02T09:30:42,MSFT,394.6914,240
2026-01-02T09:30:42,NVDA,195.9497,630
2026-01-02T09:30:42,TSLA,243.6753,171
2026-01-02T09:30:42,AMD,162.0162,881
2026-01-02T09:30:42,AMZN,272.9669,412
2026-01-02T09:30:42,META,591.1280,91
2026-01-02T09:30:42,GOOGL,386.8117,792
2026-01-02T09:30:42,SPY,753.0404,635
2026-01-02T09:30:42,QQQ,705.2615,597
2026-01-02T09:30:43,AAPL,288.7554,261
2026-01-02T09:30:43,MSFT,394.1302,884
2026-01-02T09:30:43,NVDA,195.9407,154
2026-01-02T09:30:43,TSLA,243.8111,303
2026-01-02T09:30:43,AMD,161.8694,127
2026-01-02T09:30:43,AMZN,273.4269,244
2026-01-02T09:30:43,META,591.7939,215
2026-01-02T09:30:43,GOOGL,387.0277,598
2026-01-02T09:30:43,SPY,752.5089,754
2026-01-02T09:30:43,QQQ,705.0784,309
2026-01-02T09:30:44,AAPL,288.5191,829
2026-01-02T09:30:44,MSFT,394.4596,770
2026-01-02T09:30:44,NVDA,196.0283,426
2026-01-02T09:30:44,TSLA,243.5873,307
2026-01-02T09:30:44,AMD,161.9029,627
2026-01-02T09:30:44,AMZN,273.3352,580
2026-01-02T09:30:44,META,591.5974,836
2026-01-02T09:30:44,GOOGL,387.4040,274
2026-01-02T09:30:44,SPY,751.7084,587
2026-01-02T09:30:44,QQQ,706.0409,673
2026-01-02T09:30:45,AAPL,288.4871,892
2026-01-02T09:30:45,MSFT,394.0489,276
2026-01-02T09:30:45,NVDA,196.1108,444
2026-01-02T09:30:45,TSLA,243.6249,374
2026-01-02T09:30:45,AMD,161.7570,503
2026-01-02T09:30:45,AMZN,273.3842,663
2026-01-02T09:30:45,META,591.3777,538
2026-01-02T09:30:45,GOOGL,386.7366,739
2026-01-02T09:30:45,SPY,751.2155,876
2026-01-02T09:30:45,QQQ,705.6321,755
2026-01-02T09:30:46,AAPL,288.1852,189
2026-01-02T09:30:46,MSFT,394.2559,173
2026-01-02T09:30:46,NVDA,195.9371,402
2026-01-02T09:30:46,TSLA,244.1656,613
2026-01-02T09:30:46,AMD,162.1302,87
2026-01-02T09:30:46,AMZN,273.4093,632
2026-01-02T09:30:46,META,591.5352,125
2026-01-02T09:30:46,GOOGL,386.7593,809
2026-01-02T09:30:46,SPY,752.3960,253
2026-01-02T09:30:46,QQQ,705.8593,217
2026-01-02T09:30:47,AAPL,288.1576,348
2026-01-02T09:30:47,MSFT,393.9853,665
2026-01-02T09:30:47,NVDA,196.2087,539
2026-01-02T09:30:47,TSLA,243.9862,188
2026-01-02T09:30:47,AMD,162.0481,448
2026-01-02T09:30:47,AMZN,273.1065,426
2026-01-02T09:30:47,META,591.9203,451
2026-01-02T09:30:47,GOOGL,387.3302,313
2026-01-02T09:30:47,SPY,751.8567,222
2026-01-02T09:30:47,QQQ,705.9816,343
2026-01-02T09:30:48,AAPL,288.1768,600
2026-01-02T09:30:48,MSFT,394.3166,823
2026-01-02T09:30:48,NVDA,195.9211,275
2026-01-02T09:30:48,TSLA,244.1007,604
2026-01-02T09:30:48,AMD,161.9483,586
2026-01-02T09:30:48,AMZN,273.1577,790
2026-01-02T09:30:48,META,592.0630,532
2026-01-02T09:30:48,GOOGL,386.7249,324
2026-01-02T09:30:48,SPY,751.2433,483
2026-01-02T09:30:48,QQQ,706.2456,650
2026-01-02T09:30:49,AAPL,288.5257,322
2026-01-02T09:30:49,MSFT,394.7999,162
2026-01-02T09:30:49,NVDA,196.2258,680
2026-01-02T09:30:49,TSLA,244.1577,578
2026-01-02T09:30:49,AMD,161.7599,522
2026-01-02T09:30:49,AMZN,273.3793,871
2026-01-02T09:30:49,META,591.1226,201
2026-01-02T09:30:49,GOOGL,386.5801,776
2026-01-02T09:30:49,SPY,752.1554,887
2026-01-02T09:30:49,QQQ,704.7479,817
2026-01-02T09:30:50,AAPL,288.4443,558
2026-01-02T09:30:50,MSFT,394.6963,144
2026-01-02T09:30:50,NVDA,195.8057,484
2026-01-02T09:30:50,TSLA,243.6863,632
2026-01-02T09:30:50,AMD,161.7206,138
2026-01-02T09:30:50,AMZN,273.0844,514
2026-01-02T09:30:50,META,592.3281,585
2026-01-02T09:30:50,GOOGL,386.7491,380
2026-01-02T09:30:50,SPY,752.9261,430
2026-01-02T09:30:50,QQQ,705.2008,558
2026-01-02T09:30:51,AAPL,288.5204,259
2026-01-02T09:30:51,MSFT,393.9628,644
2026-01-02T09:30:51,NVDA,196.1900,564
2026-01-02T09:30:51,TSLA,244.1660,95
2026-01-02T09:30:51,AMD,161.9181,339
2026-01-02T09:30:51,AMZN,273.1525,897
2026-01-02T09:30:51,META,590.9956,452
2026-01-02T09:30:51,GOOGL,386.5895,738
2026-01-02T09:30:51,SPY,751.7503,609
2026-01-02T09:30:51,QQQ,705.6394,715
2026-01-02T09:30:52,AAPL,288.2387,615
2026-01-02T09:30:52,MSFT,394.9455,756
2026-01-02T09:30:52,NVDA,196.3460,715
2026-01-02T09:30:52,TSLA,243.6787,468
2026-01-02T09:30:52,AMD,161.7940,594
2026-01-02T09:30:52,AMZN,273.4635,464
2026-01-02T09:30:52,META,591.2864,671
2026-01-02T09:30:52,GOOGL,387.0446,165
2026-01-02T09:30:52,SPY,752.3558,476
2026-01-02T09:30:52,QQQ,705.6560,843
2026-01-02T09:30:53,AAPL,288.2114,876
2026-01-02T09:30:53,MSFT,394.2445,680
2026-01-02T09:30:53,NVDA,196.0544,393
2026-01-02T09:30:53,TSLA,243.7800,446
2026-01-02T09:30:53,AMD,161.9282,527
2026-01-02T09:30:53,AMZN,273.3159,130
2026-01-02T09:30:53,META,591.0676,851
2026-01-02T09:30:53,GOOGL,387.0175,675
2026-01-02T09:30:53,SPY,751.1286,352
2026-01-02T09:30:53,QQQ,705.9454,226
2026-01-02T09:30:54,AAPL,288.7394,471
2026-01-02T09:30:54,MSFT,394.9531,256
2026-01-02T09:30:54,NVDA,196.2424,476
2026-01-02T09:30:54,TSLA,243.6424,104
2026-01-02T09:30:54,AMD,161.8109,582
2026-01-02T09:30:54,AMZN,273.1900,759
2026-01-02T09:30:54,META,592.4731,520
2026-01-02T09:30:54,GOOGL,386.4426,661
2026-01-02T09:30:54,SPY,751.5982,139
2026-01-02T09:30:54,QQQ,704.5266,479
2026-01-02T09:30:55,AAPL,288.1642,124
2026-01-02T09:30:55,MSFT,394.2519,133
2026-01-02T09:30:55,NVDA,195.9797,81
2026-01-02T09:30:55,TSLA,243.6551,616
2026-01-02T09:30:55,AMD,161.8978,828
2026-01-02T09:30:55,AMZN,273.5890,310
2026-01-02T09:30:55,META,592.0535,266
2026-01-02T09:30:55,GOOGL,387.2131,876
2026-01-02T09:30:55,SPY,751.6714,828
2026-01-02T09:30:55,QQQ,705.5416,181
2026-01-02T09:30:56,AAPL,288.1230,145
2026-01-02T09:30:56,MSFT,394.3424,377
2026-01-02T09:30:56,NVDA,195.9370,82
2026-01-02T09:30:56,TSLA,243.8761,514
2026-01-02T09:30:56,AMD,161.6348,765
2026-01-02T09:30:56,AMZN,273.3798,836
2026-01-02T09:30:56,META,592.1173,93
2026-01-02T09:30:56,GOOGL,386.4706,604
2026-01-02T09:30:56,SPY,751.7366,278
2026-01-02T09:30:56,QQQ,704.7487,803
2026-01-02T09:30:57,AAPL,288.2538,552
2026-01-02T09:30:57,MSFT,394.8901,368
2026-01-02T09:30:57,NVDA,196.0638,786
2026-01-02T09:30:57,TSLA,243.9201,98
2026-01-02T09:30:57,AMD,161.7586,810
2026-01-02T09:30:57,AMZN,273.7364,443
2026-01-02T09:30:57,META,591.8559,789
2026-01-02T09:30:57,GOOGL,387.0475,591
2026-01-02T09:30:57,SPY,752.2748,259
2026-01-02T09:30:57,QQQ,705.8120,769
2026-01-02T09:30:58,AAPL,288.4957,816
2026-01-02T09:30:58,MSFT,394.5045,690
2026-01-02T09:30:58,NVDA,196.1714,245
2026-01-02T09:30:58,TSLA,243.7503,742
2026-01-02T09:30:58,AMD,162.0060,639
2026-01-02T09:30:58,AMZN,273.7839,713
2026-01-02T09:30:58,META,592.0516,736
2026-01-02T09:30:58,GOOGL,386.9643,866
2026-01-02T09:30:58,SPY,751.8371,802
2026-01-02T09:30:58,QQQ,704.7711,767
2026-01-02T09:30:59,AAPL,288.6464,100
2026-01-02T09:30:59,MSFT,394.7968,516
2026-01-02T09:30:59,NVDA,196.3871,388
2026-01-02T09:30:59,TSLA,244.2425,613
2026-01-02T09:30:59,AMD,162.0271,780
2026-01-02T09:30:59,AMZN,273.5466,559
2026-01-02T09:30:59,META,591.8140,609
2026-01-02T09:30:59,GOOGL,386.1711,774
2026-01-02T09:30:59,SPY,752.4679,655
2026-01-02T09:30:59,QQQ,704.2927,876
2026-01-02T09:30:00,AAPL,288.3776,837
2026-01-02T09:30:00,MSFT,394.8159,872
2026-01-02T09:30:00,NVDA,196.3880,200
2026-01-02T09:30:00,TSLA,243.7538,208
2026-01-02T09:30:00,AMD,161.8030,610
2026-01-02T09:30:00,AMZN,273.5645,791
2026-01-02T09:30:00,META,592.0566,102
2026-01-02T09:30:00,GOOGL,386.8731,200
2026-01-02T09:30:00,SPY,751.9152,699
2026-01-02T09:30:00,QQQ,703.8845,632
2026-01-02T09:30:01,AAPL,288.5620,558
2026-01-02T09:30:01,MSFT,394.3719,275
2026-01-02T09:30:01,NVDA,196.3078,126
2026-01-02T09:30:01,TSLA,244.0218,696
2026-01-02T09:30:01,AMD,161.7023,785
2026-01-02T09:30:01,AMZN,273.2849,878
2026-01-02T09:30:01,META,592.6712,531
2026-01-02T09:30:01,GOOGL,386.3881,230
2026-01-02T09:30:01,SPY,751.4877,456
2026-01-02T09:30:01,QQQ,704.4241,788
2026-01-02T09:30:02,AAPL,288.8837,185
2026-01-02T09:30:02,MSFT,394.0572,210
2026-01-02T09:30:02,NVDA,196.0488,716
2026-01-02T09:30:02,TSLA,243.9030,873
2026-01-02T09:30:02,AMD,161.8676,841
2026-01-02T09:30:02,AMZN,273.8675,589
2026-01-02T09:30:02,META,591.8327,779
2026-01-02T09:30:02,GOOGL,386.1834,721
2026-01-02T09:30:02,SPY,751.6945,671
2026-01-02T09:30:02,QQQ,705.2315,464
2026-01-02T09:30:03,AAPL,288.7084,98
2026-01-02T09:30:03,MSFT,394.9110,749
2026-01-02T09:30:03,NVDA,196.2522,503
2026-01-02T09:30:03,TSLA,243.7538,694
2026-01-02T09:30:03,AMD,161.9642,826
2026-01-02T09:30:03,AMZN,273.7774,657
2026-01-02T09:30:03,META,592.6038,761
2026-01-02T09:30:03,GOOGL,387.0376,523
2026-01-02T09:30:03,SPY,751.0535,354
2026-01-02T09:30:03,QQQ,704.7781,524
2026-01-02T09:30:04,AAPL,288.6261,161
2026-01-02T09:30:04,MSFT,394.3010,412
2026-01-02T09:30:04,NVDA,196.0309,366
2026-01-02T09:30:04,TSLA,243.7360,111
2026-01-02T09:30:04,AMD,161.5951,293
2026-01-02T09:30:04,AMZN,273.7504,471
2026-01-02T09:30:04,META,592.6995,601
2026-01-02T09:30:04,GOOGL,386.3707,715
2026-01-02T09:30:04,SPY,751.5477,459
2026-01-02T09:30:04,QQQ,705.2472,765
2026-01-02T09:30:05,AAPL,288.2466,433
2026-01-02T09:30:05,MSFT,394.9558,485
2026-01-02T09:30:05,NVDA,196.0740,740
2026-01-02T09:30:05,TSLA,243.7507,292
2026-01-02T09:30:05,AMD,162.0628,666
2026-01-02T09:30:05,AMZN,273.3244,408
2026-01-02T09:30:05,META,592.0006,288
2026-01-02T09:30:05,GOOGL,387.1346,446
2026-01-02T09:30:05,SPY,752.3145,889
2026-01-02T09:30:05,QQQ,703.9623,862
2026-01-02T09:30:06,AAPL,288.3233,192
2026-01-02T09:30:06,MSFT,395.1370,660
2026-01-02T09:30:06,NVDA,196.2869,347
2026-01-02T09:30:06,TSLA,244.3311,316
2026-01-02T09:30:06,AMD,161.8392,136
2026-01-02T09:30:06,AMZN,273.3723,500
2026-01-02T09:30:06,META,592.9223,103
2026-01-02T09:30:06,GOOGL,386.3422,619
2026-01-02T09:30:06,SPY,751.4847,244
2026-01-02T09:30:06,QQQ,703.9257,205
2026-01-02T09:30:07,AAPL,288.2896,227
2026-01-02T09:30:07,MSFT,394.3758,421
2026-01-02T09:30:07,NVDA,195.9267,520
2026-01-02T09:30:07,TSLA,243.9284,643
2026-01-02T09:30:07,AMD,161.9103,155
2026-01-02T09:30:07,AMZN,273.2144,199
2026-01-02T09:30:07,META,591.5129,887
2026-01-02T09:30:07,GOOGL,386.4026,892
2026-01-02T09:30:07,SPY,751.5804,320
2026-01-02T09:30:07,QQQ,704.7438,100
2026-01-02T09:30:08,AAPL,288.3137,818
2026-01-02T09:30:08,MSFT,394.3931,134
2026-01-02T09:30:08,NVDA,196.3225,858
2026-01-02T09:30:08,TSLA,243.9365,314
2026-01-02T09:30:08,AMD,161.9428,349
2026-01-02T09:30:08,AMZN,273.9203,111
2026-01-02T09:30:08,META,592.3012,326
2026-01-02T09:30:08,GOOGL,386.4047,196
2026-01-02T09:30:08,SPY,750.5359,167
2026-01-02T09:30:08,QQQ,704.2791,613
2026-01-02T09:30:09,AAPL,288.7855,203
2026-01-02T09:30:09,MSFT,395.0270,848
2026-01-02T09:30:09,NVDA,196.2422,428
2026-01-02T09:30:09,TSLA,243.6752,231
2026-01-02T09:30:09,AMD,161.7059,898
2026-01-02T09:30:09,AMZN,273.4467,815
2026-01-02T09:30:09,META,592.6781,870
2026-01-02T09:30:09,GOOGL,387.0776,179
2026-01-02T09:30:09,SPY,750.2386,630
2026-01-02T09:30:09,QQQ,705.3104,710
2026-01-02T09:30:10,AAPL,289.0068,594
2026-01-02T09:30:10,MSFT,395.3044,627
2026-01-02T09:30:10,NVDA,196.1646,256
2026-01-02T09:30:10,TSLA,243.9722,730
2026-01-02T09:30:10,AMD,161.8904,555
2026-01-02T09:30:10,AMZN,273.4299,604
2026-01-02T09:30:10,META,591.7870,240
2026-01-02T09:30:10,GOOGL,386.9631,664
2026-01-02T09:30:10,SPY,750.4157,233
2026-01-02T09:30:10,QQQ,705.5880,890
2026-01-02T09:30:11,AAPL,288.3342,335
2026-01-02T09:30:11,MSFT,395.0039,852
2026-01-02T09:30:11,NVDA,196.2307,82
2026-01-02T09:30:11,TSLA,243.9744,748
2026-01-02T09:30:11,AMD,161.8292,273
2026-01-02T09:30:11,AMZN,273.5514,552
2026-01-02T09:30:11,META,592.7132,406
2026-01-02T09:30:11,GOOGL,386.6265,863
2026-01-02T09:30:11,SPY,751.0729,221
2026-01-02T09:30:11,QQQ,704.4303,235
2026-01-02T09:30:12,AAPL,288.4358,869
2026-01-02T09:30:12,MSFT,395.2816,558
2026-01-02T09:30:12,NVDA,196.1961,600
2026-01-02T09:30:12,TSLA,244.1108,659
2026-01-02T09:30:12,AMD,161.7703,102
2026-01-02T09:30:12,AMZN,273.4498,211
2026-01-02T09:30:12,META,591.5384,457
2026-01-02T09:30:12,GOOGL,386.2321,347
2026-01-02T09:30:12,SPY,750.4845,560
2026-01-02T09:30:12,QQQ,704.8165,512
2026-01-02T09:30:13,AAPL,288.5633,746
2026-01-02T09:30:13,MSFT,395.1884,180
2026-01-02T09:30:13,NVDA,196.1819,295
2026-01-02T09:30:13,TSLA,244.1148,313
2026-01-02T09:30:13,AMD,161.9169,875
2026-01-02T09:30:13,AMZN,273.4226,207
2026-01-02T09:30:13,META,591.9574,812
2026-01-02T09:30:13,GOOGL,386.0143,393
2026-01-02T09:30:13,SPY,750.4625,364
2026-01-02T09:30:13,QQQ,705.5978,826
2026-01-02T09:30:14,AAPL,288.8492,172
2026-01-02T09:30:14,MSFT,395.2243,124
2026-01-02T09:30:14,NVDA,196.0980,144
2026-01-02T09:30:14,TSLA,244.2651,168
2026-01-02T09:30:14,AMD,161.6756,519
2026-01-02T09:30:14,AMZN,273.8558,279
2026-01-02T09:30:14,META,593.0677,182
2026-01-02T09:30:14,GOOGL,387.0002,715
2026-01-02T09:30:14,SPY,751.6358,678
2026-01-02T09:30:14,QQQ,704.9143,721
2026-01-02T09:30:15,AAPL,288.5964,467
2026-01-02T09:30:15,MSFT,395.0313,888
2026-01-02T09:30:15,NVDA,196.2866,119
2026-01-02T09:30:15,TSLA,243.7358,560
2026-01-02T09:30:15,AMD,161.5390,359
2026-01-02T09:30:15,AMZN,273.5868,583
2026-01-02T09:30:15,META,591.5754,466
2026-01-02T09:30:15,GOOGL,386.1333,898
2026-01-02T09:30:15,SPY,752.2713,821
2026-01-02T09:30:15,QQQ,704.8873,119
2026-01-02T09:30:16,AAPL,288.8472,305
2026-01-02T09:30:16,MSFT,394.3542,388
2026-01-02T09:30:16,NVDA,196.1231,213
2026-01-02T09:30:16,TSLA,244.3915,653
2026-01-02T09:30:16,AMD,161.5252,779
2026-01-02T09:30:16,AMZN,273.7872,398
2026-01-02T09:30:16,META,592.3906,128
2026-01-02T09:30:16,GOOGL,386.9941,469
2026-01-02T09:30:16,SPY,752.2507,711
2026-01-02T09:30:16,QQQ,704.3778,508
2026-01-02T09:30:17,AAPL,288.9096,641
2026-01-02T09:30:17,MSFT,394.5258,757
2026-01-02T09:30:17,NVDA,196.0719,286
2026-01-02T09:30:17,TSLA,244.1810,258
2026-01-02T09:30:17,AMD,161.5718,900
2026-01-02T09:30:17,AMZN,273.5818,100
2026-01-02T09:30:17,META,593.0650,326
2026-01-02T09:30:17,GOOGL,386.3717,363
2026-01-02T09:30:17,SPY,751.6332,704
2026-01-02T09:30:17,QQQ,704.5121,311
2026-01-02T09:30:18,AAPL,288.3728,870
2026-01-02T09:30:18,MSFT,394.3213,289
2026-01-02T09:30:18,NVDA,196.1838,618
2026-01-02T09:30:18,TSLA,244.3232,629
2026-01-02T09:30:18,AMD,161.7692,867
2026-01-02T09:30:18,AMZN,273.6827,400
2026-01-02T09:30:18,META,591.6197,760
2026-01-02T09:30:18,GOOGL,386.6270,262
2026-01-02T09:30:18,SPY,750.6624,716
2026-01-02T09:30:18,QQQ,705.3895,247
2026-01-02T09:30:19,AAPL,289.1108,855
2026-01-02T09:30:19,MSFT,394.4127,776
2026-01-02T09:30:19,NVDA,196.5227,427
2026-01-02T09:30:19,TSLA,244.0498,136
2026-01-02T09:30:19,AMD,161.5593,293
2026-01-02T09:30:19,AMZN,273.2698,610
2026-01-02T09:30:19,META,591.9944,395
2026-01-02T09:30:19,GOOGL,386.0420,357
2026-01-02T09:30:19,SPY,752.1276,806
2026-01-02T09:30:19,QQQ,705.0903,412
2026-01-02T09:30:20,AAPL,288.8004,279
2026-01-02T09:30:20,MSFT,395.2254,681
2026-01-02T09:30:20,NVDA,196.3725,814
2026-01-02T09:30:20,TSLA,243.9398,872
2026-01-02T09:30:20,AMD,161.8579,619
2026-01-02T09:30:20,AMZN,273.2692,234
2026-01-02T09:30:20,META,591.4837,124
2026-01-02T09:30:20,GOOGL,386.3600,707
2026-01-02T09:30:20,SPY,750.2670,433
2026-01-02T09:30:20,QQQ,704.8291,483
2026-01-02T09:30:21,AAPL,288.8885,206
2026-01-02T09:30:21,MSFT,395.0755,534
2026-01-02T09:30:21,NVDA,196.3515,287
2026-01-02T09:30:21,TSLA,244.1866,392
2026-01-02T09:30:21,AMD,161.6608,665
2026-01-02T09:30:21,AMZN,273.5882,98
2026-01-02T09:30:21,META,592.6545,691
2026-01-02T09:30:21,GOOGL,386.5547,364
2026-01-02T09:30:21,SPY,750.8281,220
2026-01-02T09:30:21,QQQ,704.6246,887
2026-01-02T09:30:22,AAPL,288.7689,347
2026-01-02T09:30:22,MSFT,394.8860,346
2026-01-02T09:30:22,NVDA,196.5605,502
2026-01-02T09:30:22,TSLA,244.3429,94
2026-01-02T09:30:22,AMD,161.5097,273
2026-01-02T09:30:22,AMZN,274.0657,283
2026-01-02T09:30:22,META,592.5049,801
2026-01-02T09:30:22,GOOGL,386.8389,485
2026-01-02T09:30:22,SPY,751.4977,605
2026-01-02T09:30:22,QQQ,704.1680,759
2026-01-02T09:30:23,AAPL,288.4773,840
2026-01-02T09:30:23,MSFT,395.2572,503
2026-01-02T09:30:23,NVDA,196.4955,379
2026-01-02T09:30:23,TSLA,243.8601,388
2026-01-02T09:30:23,AMD,161.7356,781
2026-01-02T09:30:23,AMZN,273.4789,743
2026-01-02T09:30:23,META,592.2094,687
2026-01-02T09:30:23,GOOGL,386.7166,411
2026-01-02T09:30:23,SPY,749.9272,223
2026-01-02T09:30:23,QQQ,704.4331,367
2026-01-02T09:30:24,AAPL,288.5003,295
2026-01-02T09:30:24,MSFT,394.3606,549
2026-01-02T09:30:24,NVDA,196.2235,415
2026-01-02T09:30:24,TSLA,243.8485,328
2026-01-02T09:30:24,AMD,161.5756,159
2026-01-02T09:30:24,AMZN,274.0539,742
2026-01-02T09:30:24,META,593.0710,224
2026-01-02T09:30:24,GOOGL,385.9749,249
2026-01-02T09:30:24,SPY,751.1521,266
2026-01-02T09:30:24,QQQ,704.6518,522
2026-01-02T09:30:25,AAPL,289.0136,871
2026-01-02T09:30:25,MSFT,395.0727,156
2026-01-02T09:30:25,NVDA,196.1239,396
2026-01-02T09:30:25,TSLA,244.3457,520
2026-01-02T09:30:25,AMD,161.5691,127
2026-01-02T09:30:25,AMZN,273.5595,406
2026-01-02T09:30:25,META,592.7790,853
2026-01-02T09:30:25,GOOGL,386.1646,298
2026-01-02T09:30:25,SPY,751.4004,822
2026-01-02T09:30:25,QQQ,704.7784,666
2026-01-02T09:30:26,AAPL,289.2724,784
2026-01-02T09:30:26,MSFT,394.6398,388
2026-01-02T09:30:26,NVDA,196.5619,244
2026-01-02T09:30:26,TSLA,244.4209,711
2026-01-02T09:30:26,AMD,161.7077,121
2026-01-02T09:30:26,AMZN,273.5637,369
2026-01-02T09:30:26,META,591.9417,388
2026-01-02T09:30:26,GOOGL,386.3879,608
2026-01-02T09:30:26,SPY,749.8347,643
2026-01-02T09:30:26,QQQ,704.1901,699
2026-01-02T09:30:27,AAPL,288.5026,276
2026-01-02T09:30:27,MSFT,395.5359,522
2026-01-02T09:30:27,NVDA,196.2655,118
2026-01-02T09:30:27,TSLA,244.0045,126
2026-01-02T09:30:27,AMD,161.7485,90
2026-01-02T09:30:27,AMZN,273.8258,291
2026-01-02T09:30:27,META,593.2050,814
2026-01-02T09:30:27,GOOGL,386.3647,582
2026-01-02T09:30:27,SPY,750.5318,482
2026-01-02T09:30:27,QQQ,703.7196,484
2026-01-02T09:30:28,AAPL,288.7872,751
2026-01-02T09:30:28,MSFT,395.4041,433
2026-01-02T09:30:28,NVDA,196.4235,394
2026-01-02T09:30:28,TSLA,244.4597,495
2026-01-02T09:30:28,AMD,161.8293,862
2026-01-02T09:30:28,AMZN,273.6519,137
2026-01-02T09:30:28,META,591.8264,434
2026-01-02T09:30:28,GOOGL,386.2321,316
2026-01-02T09:30:28,SPY,751.0574,402
2026-01-02T09:30:28,QQQ,703.4397,449
2026-01-02T09:30:29,AAPL,288.6666,673
2026-01-02T09:30:29,MSFT,394.5334,781
2026-01-02T09:30:29,NVDA,196.0872,527
2026-01-02T09:30:29,TSLA,244.5190,171
2026-01-02T09:30:29,AMD,161.5436,541
2026-01-02T09:30:29,AMZN,273.4968,710
2026-01-02T09:30:29,META,593.1838,767
2026-01-02T09:30:29,GOOGL,385.9166,125
2026-01-02T09:30:29,SPY,751.8675,249
2026-01-02T09:30:29,QQQ,703.5968,601
2026-01-02T09:30:30,AAPL,288.9628,859
2026-01-02T09:30:30,MSFT,394.5120,520
2026-01-02T09:30:30,NVDA,196.6491,123
2026-01-02T09:30:30,TSLA,243.9864,897
2026-01-02T09:30:30,AMD,161.8072,435
2026-01-02T09:30:30,AMZN,273.4467,585
2026-01-02T09:30:30,META,591.7454,302
2026-01-02T09:30:30,GOOGL,386.2871,505
2026-01-02T09:30:30,SPY,750.2061,539
2026-01-02T09:30:30,QQQ,705.0598,731
2026-01-02T09:30:31,AAPL,289.2671,535
2026-01-02T09:30:31,MSFT,395.5880,482
2026-01-02T09:30:31,NVDA,196.2716,758
2026-01-02T09:30:31,TSLA,244.3800,642
2026-01-02T09:30:31,AMD,161.9000,288
2026-01-02T09:30:31,AMZN,273.9879,134
2026-01-02T09:30:31,META,591.7833,778
2026-01-02T09:30:31,GOOGL,386.2198,874
2026-01-02T09:30:31,SPY,750.0333,603
2026-01-02T09:30:31,QQQ,704.9314,706
2026-01-02T09:30:32,AAPL,289.1581,105
2026-01-02T09:30:32,MSFT,395.5315,460
2026-01-02T09:30:32,NVDA,196.5890,365
2026-01-02T09:30:32,TSLA,244.2691,259
2026-01-02T09:30:32,AMD,161.6847,706
2026-01-02T09:30:32,AMZN,273.6103,753
2026-01-02T09:30:32,META,591.8828,800
2026-01-02T09:30:32,GOOGL,386.0124,371
2026-01-02T09:30:32,SPY,749.8663,523
2026-01-02T09:30:32,QQQ,704.1877,594
2026-01-02T09:30:33,AAPL,289.0241,373
2026-01-02T09:30:33,MSFT,394.4870,278
2026-01-02T09:30:33,NVDA,196.4555,812
2026-01-02T09:30:33,TSLA,243.9488,823
2026-01-02T09:30:33,AMD,161.7873,836
2026-01-02T09:30:33,AMZN,273.5853,793
2026-01-02T09:30:33,META,592.1839,111
2026-01-02T09:30:33,GOOGL,386.7346,486
2026-01-02T09:30:33,SPY,750.3316,825
2026-01-02T09:30:33,QQQ,704.9821,370
2026-01-02T09:30:34,AAPL,288.5738,699
2026-01-02T09:30:34,MSFT,394.6021,469
2026-01-02T09:30:34,NVDA,196.5167,84
2026-01-02T09:30:34,TSLA,244.4361,653
2026-01-02T09:30:34,AMD,161.4566,503
2026-01-02T09:30:34,AMZN,273.4820,898
2026-01-02T09:30:34,META,592.7781,291
2026-01-02T09:30:34,GOOGL,386.6207,753
2026-01-02T09:30:34,SPY,749.9798,862
2026-01-02T09:30:34,QQQ,704.5326,729
2026-01-02T09:30:35,AAPL,288.6299,729
2026-01-02T09:30:35,MSFT,394.9967,337
2026-01-02T09:30:35,NVDA,196.4561,181
2026-01-02T09:30:35,TSLA,244.2707,813
2026-01-02T09:30:35,AMD,161.8320,297
2026-01-02T09:30:35,AMZN,273.7964,506
2026-01-02T09:30:35,META,592.8004,390
2026-01-02T09:30:35,GOOGL,386.1614,740
2026-01-02T09:30:35,SPY,749.6887,289
2026-01-02T09:30:35,QQQ,703.6340,362
2026-01-02T09:30:36,AAPL,289.3056,242
2026-01-02T09:30:36,MSFT,395.5477,554
2026-01-02T09:30:36,NVDA,196.6633,892
2026-01-02T09:30:36,TSLA,244.5642,613
2026-01-02T09:30:36,AMD,161.8426,470
2026-01-02T09:30:36,AMZN,273.4057,385
2026-01-02T09:30:36,META,593.1263,479
2026-01-02T09:30:36,GOOGL,386.0819,837
2026-01-02T09:30:36,SPY,749.9403,707
2026-01-02T09:30:36,QQQ,703.3993,325
2026-01-02T09:30:37,AAPL,288.5906,461
2026-01-02T09:30:37,MSFT,394.9774,381
2026-01-02T09:30:37,NVDA,196.2632,795
2026-01-02T09:30:37,TSLA,243.9996,161
2026-01-02T09:30:37,AMD,161.6441,302
2026-01-02T09:30:37,AMZN,273.6936,565
2026-01-02T09:30:37,META,593.5225,665
2026-01-02T09:30:37,GOOGL,385.9497,219
2026-01-02T09:30:37,SPY,750.5556,580
2026-01-02T09:30:37,QQQ,703.1152,90
2026-01-02T09:30:38,AAPL,289.3317,137
2026-01-02T09:30:38,MSFT,394.5737,560
2026-01-02T09:30:38,NVDA,196.5874,657
2026-01-02T09:30:38,TSLA,244.0375,80
2026-01-02T09:30:38,AMD,161.5276,549
2026-01-02T09:30:38,AMZN,273.9385,603
2026-01-02T09:30:38,META,592.1172,520
2026-01-02T09:30:38,GOOGL,386.5100,694
2026-01-02T09:30:38,SPY,750.9123,521
2026-01-02T09:30:38,QQQ,704.1640,409
2026-01-02T09:30:39,AAPL,289.3526,431
2026-01-02T09:30:39,MSFT,394.8217,885
2026-01-02T09:30:39,NVDA,196.2844,599
2026-01-02T09:30:39,TSLA,244.2570,113
2026-01-02T09:30:39,AMD,161.4860,295
2026-01-02T09:30:39,AMZN,274.2123,723
2026-01-02T09:30:39,META,593.1796,746
2026-01-02T09:30:39,GOOGL,385.7378,502
2026-01-02T09:30:39,SPY,750.1824,442
2026-01-02T09:30:39,QQQ,703.1924,666
2026-01-02T09:31:40,AAPL,288.6780,580
2026-01-02T09:31:40,MSFT,395.4183,351
2026-01-02T09:31:40,NVDA,196.3724,291
2026-01-02T09:31:40,TSLA,244.1678,883
2026-01-02T09:31:40,AMD,161.7906,523
2026-01-02T09:31:40,AMZN,273.6839,708
2026-01-02T09:31:40,META,593.1848,729
2026-01-02T09:31:40,GOOGL,386.6415,402
2026-01-02T09:31:40,SPY,750.9942,92
2026-01-02T09:31:40,QQQ,703.4292,254
2026-01-02T09:31:41,AAPL,288.9782,301
2026-01-02T09:31:41,MSFT,394.7973,372
2026-01-02T09:31:41,NVDA,196.2148,787
2026-01-02T09:31:41,TSLA,244.4598,280
2026-01-02T09:31:41,AMD,161.7313,118
2026-01-02T09:31:41,AMZN,274.2481,363
2026-01-02T09:31:41,META,592.3475,183
2026-01-02T09:31:41,GOOGL,385.7422,881
2026-01-02T09:31:41,SPY,750.4755,173
2026-01-02T09:31:41,QQQ,703.2295,748
2026-01-02T09:31:42,AAPL,288.6788,820
2026-01-02T09:31:42,MSFT,395.3387,713
2026-01-02T09:31:42,NVDA,196.4155,885
2026-01-02T09:31:42,TSLA,244.2999,259
2026-01-02T09:31:42,AMD,161.7665,556
2026-01-02T09:31:42,AMZN,274.2035,429
2026-01-02T09:31:42,META,592.0981,394
2026-01-02T09:31:42,GOOGL,385.6174,610
2026-01-02T09:31:42,SPY,751.0323,168
2026-01-02T09:31:42,QQQ,704.6040,508
2026-01-02T09:31:43,AAPL,289.2157,328
2026-01-02T09:31:43,MSFT,395.4519,370
2026-01-02T09:31:43,NVDA,196.5498,270
2026-01-02T09:31:43,TSLA,244.0424,823
2026-01-02T09:31:43,AMD,161.7025,423
2026-01-02T09:31:43,AMZN,273.7838,703
2026-01-02T09:31:43,META,592.0622,259
2026-01-02T09:31:43,GOOGL,386.1203,192
2026-01-02T09:31:43,SPY,751.1152,200
2026-01-02T09:31:43,QQQ,703.0386,487
2026-01-02T09:31:44,AAPL,289.1866,328
2026-01-02T09:31:44,MSFT,394.8134,167
2026-01-02T09:31:44,NVDA,196.5347,750
2026-01-02T09:31:44,TSLA,244.1972,549
2026-01-02T09:31:44,AMD,161.6965,94
2026-01-02T09:31:44,AMZN,273.7355,520
2026-01-02T09:31:44,META,593.1743,107
2026-01-02T09:31:44,GOOGL,386.3991,600
2026-01-02T09:31:44,SPY,750.8154,359
2026-01-02T09:31:44,QQQ,704.0005,94
2026-01-02T09:31:45,AAPL,288.8967,780
2026-01-02T09:31:45,MSFT,395.1378,323
2026-01-02T09:31:45,NVDA,196.3582,291
2026-01-02T09:31:45,TSLA,244.0601,483
2026-01-02T09:31:45,AMD,161.6655,210
2026-01-02T09:31:45,AMZN,273.6349,678
2026-01-02T09:31:45,META,593.4903,604
2026-01-02T09:31:45,GOOGL,386.5042,898
2026-01-02T09:31:45,SPY,750.4284,633
2026-01-02T09:31:45,QQQ,704.1042,518
2026-01-02T09:31:46,AAPL,288.7773,843
2026-01-02T09:31:46,MSFT,395.7379,781
2026-01-02T09:31:46,NVDA,196.2676,655
2026-01-02T09:31:46,TSLA,244.1026,674
2026-01-02T09:31:46,AMD,161.7456,771
2026-01-02T09:31:46,AMZN,274.0016,834
2026-01-02T09:31:46,META,593.4555,900
2026-01-02T09:31:46,GOOGL,386.1473,495
2026-01-02T09:31:46,SPY,750.1130,707
2026-01-02T09:31:46,QQQ,704.7771,856
2026-01-02T09:31:47,AAPL,289.3355,540
2026-01-02T09:31:47,MSFT,395.4228,498
2026-01-02T09:31:47,NVDA,196.3295,326
2026-01-02T09:31:47,TSLA,244.5229,165
2026-01-02T09:31:47,AMD,161.4999,393
2026-01-02T09:31:47,AMZN,273.9465,608
2026-01-02T09:31:47,META,592.2346,795
2026-01-02T09:31:47,GOOGL,386.1961,529
2026-01-02T09:31:47,SPY,750.0856,643
2026-01-02T09:31:47,QQQ,704.0355,428
2026-01-02T09:31:48,AAPL,288.6892,132
2026-01-02T09:31:48,MSFT,395.1585,781
2026-01-02T09:31:48,NVDA,196.3411,608
2026-01-02T09:31:48,TSLA,244.4549,777
2026-01-02T09:31:48,AMD,161.8012,254
2026-01-02T09:31:48,AMZN,273.8755,891
2026-01-02T09:31:48,META,593.0730,699
2026-01-02T09:31:48,GOOGL,386.3853,598
2026-01-02T09:31:48,SPY,750.3126,443
2026-01-02T09:31:48,QQQ,702.6991,882
2026-01-02T09:31:49,AAPL,288.9062,279
2026-01-02T09:31:49,MSFT,395.2114,91
2026-01-02T09:31:49,NVDA,196.2520,620
2026-01-02T09:31:49,TSLA,244.4322,757
2026-01-02T09:31:49,AMD,161.6702,722
2026-01-02T09:31:49,AMZN,274.2976,457
2026-01-02T09:31:49,META,592.3870,296
2026-01-02T09:31:49,GOOGL,386.3081,264
2026-01-02T09:31:49,SPY,749.7466,187
2026-01-02T09:31:49,QQQ,704.6657,304
2026-01-02T09:31:50,AAPL,289.5299,862
2026-01-02T09:31:50,MSFT,395.6448,716
2026-01-02T09:31:50,NVDA,196.3672,668
2026-01-02T09:31:50,TSLA,244.2890,673
2026-01-02T09:31:50,AMD,161.4011,353
2026-01-02T09:31:50,AMZN,273.6906,757
2026-01-02T09:31:50,META,592.3281,112
2026-01-02T09:31:50,GOOGL,386.1184,120
2026-01-02T09:31:50,SPY,749.8926,404
2026-01-02T09:31:50,QQQ,703.5095,181
2026-01-02T09:31:51,AAPL,289.1095,692
2026-01-02T09:31:51,MSFT,395.1982,373
2026-01-02T09:31:51,NVDA,196.2722,329
2026-01-02T09:31:51,TSLA,244.2899,526
2026-01-02T09:31:51,AMD,161.5390,305
2026-01-02T09:31:51,AMZN,274.1936,640
2026-01-02T09:31:51,META,593.1609,295
2026-01-02T09:31:51,GOOGL,385.8323,270
2026-01-02T09:31:51,SPY,749.2395,96
2026-01-02T09:31:51,QQQ,702.9191,470
2026-01-02T09:31:52,AAPL,289.3932,310
2026-01-02T09:31:52,MSFT,395.4251,207
2026-01-02T09:31:52,NVDA,196.4891,93
2026-01-02T09:31:52,TSLA,244.3754,513
2026-01-02T09:31:52,AMD,161.3874,298
2026-01-02T09:31:52,AMZN,274.1539,739
2026-01-02T09:31:52,META,592.6874,796
2026-01-02T09:31:52,GOOGL,386.2259,688
2026-01-02T09:31:52,SPY,749.4646,710
2026-01-02T09:31:52,QQQ,702.6104,246
2026-01-02T09:31:53,AAPL,288.8185,818
2026-01-02T09:31:53,MSFT,395.5528,589
2026-01-02T09:31:53,NVDA,196.2715,216
2026-01-02T09:31:53,TSLA,244.4730,436
2026-01-02T09:31:53,AMD,161.3346,468
2026-01-02T09:31:53,AMZN,274.0400,99
2026-01-02T09:31:53,META,593.0683,260
2026-01-02T09:31:53,GOOGL,386.2145,650
2026-01-02T09:31:53,SPY,749.6836,553
2026-01-02T09:31:53,QQQ,703.0708,136
2026-01-02T09:31:54,AAPL,289.1927,429
2026-01-02T09:31:54,MSFT,395.4016,220
2026-01-02T09:31:54,NVDA,196.2800,422
2026-01-02T09:31:54,TSLA,244.6448,634
2026-01-02T09:31:54,AMD,161.7267,217
2026-01-02T09:31:54,AMZN,274.0844,638
2026-01-02T09:31:54,META,593.2520,791
2026-01-02T09:31:54,GOOGL,385.8308,895
2026-01-02T09:31:54,SPY,750.7884,266
2026-01-02T09:31:54,QQQ,703.1218,505
2026-01-02T09:31:55,AAPL,289.0645,820
2026-01-02T09:31:55,MSFT,395.7869,768
2026-01-02T09:31:55,NVDA,196.8063,835
2026-01-02T09:31:55,TSLA,244.3989,825
2026-01-02T09:31:55,AMD,161.3280,877
2026-01-02T09:31:55,AMZN,274.1141,740
2026-01-02T09:31:55,META,592.2141,532
2026-01-02T09:31:55,GOOGL,386.0962,600
2026-01-02T09:31:55,SPY,749.4998,272
2026-01-02T09:31:55,QQQ,702.6033,883
2026-01-02T09:31:56,AAPL,289.0473,85
2026-01-02T09:31:56,MSFT,395.3914,427
2026-01-02T09:31:56,NVDA,196.6605,230
2026-01-02T09:31:56,TSLA,244.4855,398
2026-01-02T09:31:56,AMD,161.5522,480
2026-01-02T09:31:56,AMZN,274.3397,786
2026-01-02T09:31:56,META,593.3740,703
2026-01-02T09:31:56,GOOGL,386.1401,686
2026-01-02T09:31:56,SPY,750.5422,492
2026-01-02T09:31:56,QQQ,703.1268,456
2026-01-02T09:31:57,AAPL,289.0640,622
2026-01-02T09:31:57,MSFT,395.5943,587
2026-01-02T09:31:57,NVDA,196.7129,363
2026-01-02T09:31:57,TSLA,244.5180,647
2026-01-02T09:31:57,AMD,161.3115,284
2026-01-02T09:31:57,AMZN,274.2144,182
2026-01-02T09:31:57,META,593.3392,612
2026-01-02T09:31:57,GOOGL,386.3334,795
2026-01-02T09:31:57,SPY,750.6836,851
2026-01-02T09:31:57,QQQ,703.0390,197
2026-01-02T09:31:58,AAPL,288.7816,143
2026-01-02T09:31:58,MSFT,394.8829,455
2026-01-02T09:31:58,NVDA,196.5006,838
2026-01-02T09:31:58,TSLA,244.5097,318
2026-01-02T09:31:58,AMD,161.6347,346
2026-01-02T09:31:58,AMZN,273.7018,266
2026-01-02T09:31:58,META,593.2361,321
2026-01-02T09:31:58,GOOGL,386.0371,312
2026-01-02T09:31:58,SPY,750.3267,622
2026-01-02T09:31:58,QQQ,704.2425,755
2026-01-02T09:31:59,AAPL,288.8991,325
2026-01-02T09:31:59,MSFT,395.4326,770
2026-01-02T09:31:59,NVDA,196.7921,886
2026-01-02T09:31:59,TSLA,244.2196,114
2026-01-02T09:31:59,AMD,161.6539,316
2026-01-02T09:31:59,AMZN,273.8449,582
2026-01-02T09:31:59,META,593.1233,125
2026-01-02T09:31:59,GOOGL,385.7786,387
2026-01-02T09:31:59,SPY,749.4848,854
2026-01-02T09:31:59,QQQ,703.1000,654
2026-01-02T09:31:00,AAPL,289.4859,895
2026-01-02T09:31:00,MSFT,395.3645,826
2026-01-02T09:31:00,NVDA,196.5257,478
2026-01-02T09:31:00,TSLA,244.7349,224
2026-01-02T09:31:00,AMD,161.6445,292
2026-01-02T09:31:00,AMZN,274.4245,533
2026-01-02T09:31:00,META,592.4217,775
2026-01-02T09:31:00,GOOGL,385.7264,541
2026-01-02T09:31:00,SPY,749.9396,326
2026-01-02T09:31:00,QQQ,703.6861,144
2026-01-02T09:31:01,AAPL,288.9518,779
2026-01-02T09:31:01,MSFT,395.5143,322
2026-01-02T09:31:01,NVDA,196.7553,788
2026-01-02T09:31:01,TSLA,244.6624,99
2026-01-02T09:31:01,AMD,161.7372,721
2026-01-02T09:31:01,AMZN,273.6610,829
2026-01-02T09:31:01,META,593.5613,162
2026-01-02T09:31:01,GOOGL,385.9923,243
2026-01-02T09:31:01,SPY,750.3316,694
2026-01-02T09:31:01,QQQ,704.4568,235
2026-01-02T09:31:02,AAPL,288.9453,743
2026-01-02T09:31:02,MSFT,395.8512,158
2026-01-02T09:31:02,NVDA,196.3935,232
2026-01-02T09:31:02,TSLA,244.8223,876
2026-01-02T09:31:02,AMD,161.4793,152
2026-01-02T09:31:02,AMZN,273.6943,722
2026-01-02T09:31:02,META,592.4055,347
2026-01-02T09:31:02,GOOGL,386.3640,847
2026-01-02T09:31:02,SPY,749.2086,711
2026-01-02T09:31:02,QQQ,702.8622,487
2026-01-02T09:31:03,AAPL,289.0498,211
2026-01-02T09:31:03,MSFT,395.8752,887
2026-01-02T09:31:03,NVDA,196.6671,259
2026-01-02T09:31:03,TSLA,244.5826,726
2026-01-02T09:31:03,AMD,161.7273,567
2026-01-02T09:31:03,AMZN,273.7642,621
2026-01-02T09:31:03,META,593.6161,870
2026-01-02T09:31:03,GOOGL,386.2056,765
2026-01-02T09:31:03,SPY,748.8613,546
2026-01-02T09:31:03,QQQ,703.2725,779
2026-01-02T09:31:04,AAPL,289.5857,560
2026-01-02T09:31:04,MSFT,395.2348,525
2026-01-02T09:31:04,NVDA,196.6928,829
2026-01-02T09:31:04,TSLA,244.5526,322
2026-01-02T09:31:04,AMD,161.2608,529
2026-01-02T09:31:04,AMZN,274.4435,792
2026-01-02T09:31:04,META,592.5595,724
2026-01-02T09:31:04,GOOGL,386.2507,653
2026-01-02T09:31:04,SPY,749.6743,684
2026-01-02T09:31:04,QQQ,704.2500,369
2026-01-02T09:31:05,AAPL,289.1967,730
2026-01-02T09:31:05,MSFT,396.0690,868
2026-01-02T09:31:05,NVDA,196.5198,344
2026-01-02T09:31:05,TSLA,244.8532,515
2026-01-02T09:31:05,AMD,161.5535,451
2026-01-02T09:31:05,AMZN,273.9775,123
2026-01-02T09:31:05,META,593.8704,186
2026-01-02T09:31:05,GOOGL,385.3683,187
2026-01-02T09:31:05,SPY,749.1823,364
2026-01-02T09:31:05,QQQ,702.5850,555
2026-01-02T09:31:06,AAPL,289.5256,249
2026-01-02T09:31:06,MSFT,395.8196,653
2026-01-02T09:31:06,NVDA,196.7861,206
2026-01-02T09:31:06,TSLA,244.5291,408
2026-01-02T09:31:06,AMD,161.6404,231
2026-01-02T09:31:06,AMZN,274.4367,731
2026-01-02T09:31:06,META,592.7720,380
2026-01-02T09:31:06,GOOGL,386.2523,668
2026-01-02T09:31:06,SPY,749.7461,489
2026-01-02T09:31:06,QQQ,702.6428,751
2026-01-02T09:31:07,AAPL,289.4797,440
2026-01-02T09:31:07,MSFT,395.5402,309
2026-01-02T09:31:07,NVDA,196.6548,591
2026-01-02T09:31:07,TSLA,244.2182,667
2026-01-02T09:31:07,AMD,161.5458,495
2026-01-02T09:31:07,AMZN,274.1632,245
2026-01-02T09:31:07,META,593.9264,215
2026-01-02T09:31:07,GOOGL,385.5443,504
2026-01-02T09:31:07,SPY,750.2600,359
2026-01-02T09:31:07,QQQ,702.5245,556
2026-01-02T09:31:08,AAPL,289.1201,807
2026-01-02T09:31:08,MSFT,396.0979,155
2026-01-02T09:31:08,NVDA,196.3363,130
2026-01-02T09:31:08,TSLA,244.1991,290
2026-01-02T09:31:08,AMD,161.2889,811
2026-01-02T09:31:08,AMZN,274.3907,432
2026-01-02T09:31:08,META,593.8903,311
2026-01-02T09:31:08,GOOGL,385.9524,190
2026-01-02T09:31:08,SPY,750.3935,845
2026-01-02T09:31:08,QQQ,702.7366,895
2026-01-02T09:31:09,AAPL,289.4365,805
2026-01-02T09:31:09,MSFT,395.7554,517
2026-01-02T09:31:09,NVDA,196.5862,420
2026-01-02T09:31:09,TSLA,244.7719,109
2026-01-02T09:31:09,AMD,161.4011,437
2026-01-02T09:31:09,AMZN,274.0192,758
2026-01-02T09:31:09,META,592.7508,851
2026-01-02T09:31:09,GOOGL,385.5536,166
2026-01-02T09:31:09,SPY,749.4998,631
2026-01-02T09:31:09,QQQ,702.4478,226
2026-01-02T09:31:10,AAPL,289.6990,195
2026-01-02T09:31:10,MSFT,395.2206,149
2026-01-02T09:31:10,NVDA,196.5974,281
2026-01-02T09:31:10,TSLA,244.6661,367
2026-01-02T09:31:10,AMD,161.4867,219
2026-01-02T09:31:10,AMZN,274.1593,83
2026-01-02T09:31:10,META,593.5812,854
2026-01-02T09:31:10,GOOGL,386.0786,263
2026-01-02T09:31:10,SPY,748.7540,501
2026-01-02T09:31:10,QQQ,703.8437,367
2026-01-02T09:31:11,AAPL,289.7400,421
2026-01-02T09:31:11,MSFT,395.5545,548
2026-01-02T09:31:11,NVDA,196.7758,671
2026-01-02T09:31:11,TSLA,244.6888,535
2026-01-02T09:31:11,AMD,161.3662,614
2026-01-02T09:31:11,AMZN,274.3851,735
2026-01-02T09:31:11,META,592.8926,620
2026-01-02T09:31:11,GOOGL,386.1382,626
2026-01-02T09:31:11,SPY,749.7355,635
2026-01-02T09:31:11,QQQ,702.5602,337
2026-01-02T09:31:12,AAPL,288.9019,533
2026-01-02T09:31:12,MSFT,395.7165,403
2026-01-02T09:31:12,NVDA,196.4372,694
2026-01-02T09:31:12,TSLA,244.7933,349
2026-01-02T09:31:12,AMD,161.4233,800
2026-01-02T09:31:12,AMZN,274.1582,695
2026-01-02T09:31:12,META,592.8416,288
2026-01-02T09:31:12,GOOGL,385.7900,352
2026-01-02T09:31:12,SPY,750.4603,778
2026-01-02T09:31:12,QQQ,702.9350,873
2026-01-02T09:31:13,AAPL,289.4144,467
2026-01-02T09:31:13,MSFT,395.0356,256
2026-01-02T09:31:13,NVDA,196.3884,313
2026-01-02T09:31:13,TSLA,244.2929,488
2026-01-02T09:31:13,AMD,161.3826,577
2026-01-02T09:31:13,AMZN,274.2830,666
2026-01-02T09:31:13,META,594.2382,491
2026-01-02T09:31:13,GOOGL,385.4594,732
2026-01-02T09:31:13,SPY,749.8955,604
2026-01-02T09:31:13,QQQ,703.2887,295
2026-01-02T09:31:14,AAPL,289.6619,85
2026-01-02T09:31:14,MSFT,395.3352,405
2026-01-02T09:31:14,NVDA,196.6291,751
2026-01-02T09:31:14,TSLA,244.7117,756
2026-01-02T09:31:14,AMD,161.6003,614
2026-01-02T09:31:14,AMZN,274.2665,701
2026-01-02T09:31:14,META,593.4213,300
2026-01-02T09:31:14,GOOGL,386.0239,540
2026-01-02T09:31:14,SPY,749.4639,167
2026-01-02T09:31:14,QQQ,703.3823,701
2026-01-02T09:31:15,AAPL,289.6440,680
2026-01-02T09:31:15,MSFT,395.5538,573
2026-01-02T09:31:15,NVDA,196.7858,155
2026-01-02T09:31:15,TSLA,244.9101,160
2026-01-02T09:31:15,AMD,161.2352,366
2026-01-02T09:31:15,AMZN,273.9225,254
2026-01-02T09:31:15,META,594.3223,782
2026-01-02T09:31:15,GOOGL,386.0257,581
2026-01-02T09:31:15,SPY,749.8655,239
2026-01-02T09:31:15,QQQ,703.1901,707
2026-01-02T09:31:16,AAPL,288.9713,467
2026-01-02T09:31:16,MSFT,396.2567,644
2026-01-02T09:31:16,NVDA,196.3931,671
2026-01-02T09:31:16,TSLA,244.3804,343
2026-01-02T09:31:16,AMD,161.5571,103
2026-01-02T09:31:16,AMZN,274.3906,604
2026-01-02T09:31:16,META,593.6163,812
2026-01-02T09:31:16,GOOGL,385.1668,744
2026-01-02T09:31:16,SPY,749.4735,320
2026-01-02T09:31:16,QQQ,703.4029,752
2026-01-02T09:31:17,AAPL,289.4731,686
2026-01-02T09:31:17,MSFT,396.0942,598
2026-01-02T09:31:17,NVDA,196.4157,864
2026-01-02T09:31:17,TSLA,244.7753,356
2026-01-02T09:31:17,AMD,161.5068,683
2026-01-02T09:31:17,AMZN,274.4630,705
2026-01-02T09:31:17,META,593.0812,278
2026-01-02T09:31:17,GOOGL,385.2725,822
2026-01-02T09:31:17,SPY,750.5873,771
2026-01-02T09:31:17,QQQ,702.7673,476
2026-01-02T09:31:18,AAPL,289.1972,826
2026-01-02T09:31:18,MSFT,395.2793,454
2026-01-02T09:31:18,NVDA,196.5624,673
2026-01-02T09:31:18,TSLA,244.6547,606
2026-01-02T09:31:18,AMD,161.5116,728
2026-01-02T09:31:18,AMZN,274.5927,834
2026-01-02T09:31:18,META,592.7599,715
2026-01-02T09:31:18,GOOGL,385.0873,389
2026-01-02T09:31:18,SPY,749.5371,289
2026-01-02T09:31:18,QQQ,703.1417,782
2026-01-02T09:31:19,AAPL,289.7040,699
2026-01-02T09:31:19,MSFT,396.0022,346
2026-01-02T09:31:19,NVDA,196.4154,487
2026-01-02T09:31:19,TSLA,244.9089,636
2026-01-02T09:31:19,AMD,161.2634,101
2026-01-02T09:31:19,AMZN,274.3146,354
2026-01-02T09:31:19,META,593.6341,520
2026-01-02T09:31:19,GOOGL,385.1095,465
2026-01-02T09:31:19,SPY,748.5348,377
2026-01-02T09:31:19,QQQ,702.4164,464
2026-01-02T09:31:20,AAPL,289.0420,281
2026-01-02T09:31:20,MSFT,396.0682,231
2026-01-02T09:31:20,NVDA,196.6891,443
2026-01-02T09:31:20,TSLA,244.3054,586
2026-01-02T09:31:20,AMD,161.3166,408
2026-01-02T09:31:20,AMZN,274.6162,572
2026-01-02T09:31:20,META,592.9921,405
2026-01-02T09:31:20,GOOGL,385.7941,110
2026-01-02T09:31:20,SPY,749.0348,165
2026-01-02T09:31:20,QQQ,702.8221,596
2026-01-02T09:31:21,AAPL,289.5508,310
2026-01-02T09:31:21,MSFT,395.7456,875
2026-01-02T09:31:21,NVDA,196.4538,625
2026-01-02T09:31:21,TSLA,244.8235,805
2026-01-02T09:31:21,AMD,161.5004,892
2026-01-02T09:31:21,AMZN,274.2612,663
2026-01-02T09:31:21,META,593.2287,331
2026-01-02T09:31:21,GOOGL,385.8403,132
2026-01-02T09:31:21,SPY,750.1371,692
2026-01-02T09:31:21,QQQ,702.0832,643
2026-01-02T09:31:22,AAPL,289.6747,176
2026-01-02T09:31:22,MSFT,395.5772,744
2026-01-02T09:31:22,NVDA,196.9010,698
2026-01-02T09:31:22,TSLA,245.0175,630
2026-01-02T09:31:22,AMD,161.2377,245
2026-01-02T09:31:22,AMZN,274.1651,271
2026-01-02T09:31:22,META,593.2696,84
2026-01-02T09:31:22,GOOGL,385.4935,385
2026-01-02T09:31:22,SPY,749.8816,438
2026-01-02T09:31:22,QQQ,702.5205,823
2026-01-02T09:31:23,AAPL,289.1907,329
2026-01-02T09:31:23,MSFT,395.4545,559
2026-01-02T09:31:23,NVDA,196.5632,698
2026-01-02T09:31:23,TSLA,244.8137,712
2026-01-02T09:31:23,AMD,161.5639,111
2026-01-02T09:31:23,AMZN,274.3741,400
2026-01-02T09:31:23,META,592.8201,577
2026-01-02T09:31:23,GOOGL,385.0240,618
2026-01-02T09:31:23,SPY,748.8543,482
2026-01-02T09:31:23,QQQ,702.3779,436
2026-01-02T09:31:24,AAPL,289.6292,101
2026-01-02T09:31:24,MSFT,395.3100,890
2026-01-02T09:31:24,NVDA,196.9488,247
2026-01-02T09:31:24,TSLA,244.9252,837
2026-01-02T09:31:24,AMD,161.3634,860
2026-01-02T09:31:24,AMZN,273.8879,844
2026-01-02T09:31:24,META,594.2321,515
2026-01-02T09:31:24,GOOGL,385.0943,527
2026-01-02T09:31:24,SPY,750.0049,881
2026-01-02T09:31:24,QQQ,702.6342,220
2026-01-02T09:31:25,AAPL,289.5606,888
2026-01-02T09:31:25,MSFT,395.9212,306
2026-01-02T09:31:25,NVDA,196.6354,370
2026-01-02T09:31:25,TSLA,244.9090,579
2026-01-02T09:31:25,AMD,161.5518,259
2026-01-02T09:31:25,AMZN,274.6249,441
2026-01-02T09:31:25,META,594.4029,516
2026-01-02T09:31:25,GOOGL,385.0593,149
2026-01-02T09:31:25,SPY,748.8760,594
2026-01-02T09:31:25,QQQ,702.3505,780
2026-01-02T09:31:26,AAPL,289.8727,568
2026-01-02T09:31:26,MSFT,395.3381,297
2026-01-02T09:31:26,NVDA,196.5764,224
2026-01-02T09:31:26,TSLA,244.7727,384
2026-01-02T09:31:26,AMD,161.5122,341
2026-01-02T09:31:26,AMZN,273.9080,546
2026-01-02T09:31:26,META,594.0588,122
2026-01-02T09:31:26,GOOGL,385.2859,763
2026-01-02T09:31:26,SPY,749.0804,245
2026-01-02T09:31:26,QQQ,703.0860,544
2026-01-02T09:31:27,AAPL,289.4696,536
2026-01-02T09:31:27,MSFT,395.7352,338
2026-01-02T09:31:27,NVDA,196.9830,373
2026-01-02T09:31:27,TSLA,244.7908,855
2026-01-02T09:31:27,AMD,161.1671,489
2026-01-02T09:31:27,AMZN,274.1839,122
2026-01-02T09:31:27,META,593.7177,185
2026-01-02T09:31:27,GOOGL,385.6783,870
2026-01-02T09:31:27,SPY,748.2661,855
2026-01-02T09:31:27,QQQ,702.7461,671
2026-01-02T09:31:28,AAPL,289.8726,672
2026-01-02T09:31:28,MSFT,395.7229,847
2026-01-02T09:31:28,NVDA,196.8152,736
2026-01-02T09:31:28,TSLA,244.6187,593
2026-01-02T09:31:28,AMD,161.2428,287
2026-01-02T09:31:28,AMZN,274.2143,522
2026-01-02T09:31:28,META,593.4691,232
2026-01-02T09:31:28,GOOGL,385.9573,129
2026-01-02T09:31:28,SPY,749.6044,264
2026-01-02T09:31:28,QQQ,701.7384,887
2026-01-02T09:31:29,AAPL,289.1834,669
2026-01-02T09:31:29,MSFT,395.8265,744
2026-01-02T09:31:29,NVDA,196.5597,898
2026-01-02T09:31:29,TSLA,244.9699,374
2026-01-02T09:31:29,AMD,161.4143,814
2026-01-02T09:31:29,AMZN,274.1191,745
2026-01-02T09:31:29,META,594.5064,410
2026-01-02T09:31:29,GOOGL,385.1663,148
2026-01-02T09:31:29,SPY,749.4395,589
2026-01-02T09:31:29,QQQ,703.5731,714
2026-01-02T09:31:30,AAPL,289.7587,219
2026-01-02T09:31:30,MSFT,396.2960,88
2026-01-02T09:31:30,NVDA,196.5199,158
2026-01-02T09:31:30,TSLA,245.0243,585
2026-01-02T09:31:30,AMD,161.2207,98
2026-01-02T09:31:30,AMZN,274.5557,885
2026-01-02T09:31:30,META,593.5773,483
2026-01-02T09:31:30,GOOGL,385.8668,350
2026-01-02T09:31:30,SPY,749.5587,212
2026-01-02T09:31:30,QQQ,703.0738,471
2026-01-02T09:31:31,AAPL,289.5642,422
2026-01-02T09:31:31,MSFT,396.2631,666
2026-01-02T09:31:31,NVDA,196.7104,476
2026-01-02T09:31:31,TSLA,244.4073,571
2026-01-02T09:31:31,AMD,161.1428,834
2026-01-02T09:31:31,AMZN,274.5430,393
2026-01-02T09:31:31,META,594.6312,225
2026-01-02T09:31:31,GOOGL,384.8793,506
2026-01-02T09:31:31,SPY,749.1040,332
2026-01-02T09:31:31,QQQ,702.0244,601
2026-01-02T09:31:32,AAPL,289.1530,662
2026-01-02T09:31:32,MSFT,396.4519,458
2026-01-02T09:31:32,NVDA,196.7943,404
2026-01-02T09:31:32,TSLA,244.3950,338
2026-01-02T09:31:32,AMD,161.4690,393
2026-01-02T09:31:32,AMZN,274.2165,483
2026-01-02T09:31:32,META,593.9062,257
2026-01-02T09:31:32,GOOGL,385.3470,548
2026-01-02T09:31:32,SPY,749.9511,306
2026-01-02T09:31:32,QQQ,703.6037,787
2026-01-02T09:31:33,AAPL,289.5211,163
2026-01-02T09:31:33,MSFT,395.4624,850
2026-01-02T09:31:33,NVDA,197.0461,186
2026-01-02T09:31:33,TSLA,244.6688,293
2026-01-02T09:31:33,AMD,161.4451,403
2026-01-02T09:31:33,AMZN,273.9970,509
2026-01-02T09:31:33,META,593.9517,826
2026-01-02T09:31:33,GOOGL,385.7439,681
2026-01-02T09:31:33,SPY,749.6401,419
2026-01-02T09:31:33,QQQ,701.8731,220
2026-01-02T09:31:34,AAPL,289.2283,323
2026-01-02T09:31:34,MSFT,395.8192,503
2026-01-02T09:31:34,NVDA,196.5968,833
2026-01-02T09:31:34,TSLA,244.7948,740
2026-01-02T09:31:34,AMD,161.4333,549
2026-01-02T09:31:34,AMZN,274.4659,712
2026-01-02T09:31:34,META,594.4394,323
2026-01-02T09:31:34,GOOGL,384.9470,258
2026-01-02T09:31:34,SPY,749.3513,288
2026-01-02T09:31:34,QQQ,702.0510,531
2026-01-02T09:31:35,AAPL,289.3008,650
2026-01-02T09:31:35,MSFT,396.3257,771
2026-01-02T09:31:35,NVDA,196.7932,531
2026-01-02T09:31:35,TSLA,244.5209,377
2026-01-02T09:31:35,AMD,161.4321,805
2026-01-02T09:31:35,AMZN,274.1537,441
2026-01-02T09:31:35,META,594.5591,490
2026-01-02T09:31:35,GOOGL,384.9179,556
2026-01-02T09:31:35,SPY,749.3890,750
2026-01-02T09:31:35,QQQ,701.7416,213
2026-01-02T09:31:36,AAPL,289.3013,822
2026-01-02T09:31:36,MSFT,395.7241,628
2026-01-02T09:31:36,NVDA,197.0543,268
2026-01-02T09:31:36,TSLA,245.1394,719
2026-01-02T09:31:36,AMD,161.2328,534
2026-01-02T09:31:36,AMZN,274.5342,175
2026-01-02T09:31:36,META,594.0332,199
2026-01-02T09:31:36,GOOGL,385.1897,116
2026-01-02T09:31:36,SPY,748.7798,117
2026-01-02T09:31:36,QQQ,703.3256,727
2026-01-02T09:31:37,AAPL,289.2442,332
2026-01-02T09:31:37,MSFT,396.4398,819
2026-01-02T09:31:37,NVDA,196.8116,899
2026-01-02T09:31:37,TSLA,244.4221,487
2026-01-02T09:31:37,AMD,161.2619,237
2026-01-02T09:31:37,AMZN,273.9808,824
2026-01-02T09:31:37,META,593.3550,797
2026-01-02T09:31:37,GOOGL,385.3602,560
2026-01-02T09:31:37,SPY,749.4997,788
2026-01-02T09:31:37,QQQ,701.9932,756
2026-01-02T09:31:38,AAPL,290.0018,575
2026-01-02T09:31:38,MSFT,396.0391,827
2026-01-02T09:31:38,NVDA,196.9050,518
2026-01-02T09:31:38,TSLA,245.0033,753
2026-01-02T09:31:38,AMD,161.3728,610
2026-01-02T09:31:38,AMZN,274.6363,130
2026-01-02T09:31:38,META,593.3310,457
2026-01-02T09:31:38,GOOGL,385.1485,425
2026-01-02T09:31:38,SPY,749.0914,695
2026-01-02T09:31:38,QQQ,703.1669,849
2026-01-02T09:31:39,AAPL,289.4626,314
2026-01-02T09:31:39,MSFT,396.3302,317
2026-01-02T09:31:39,NVDA,196.8145,399
2026-01-02T09:31:39,TSLA,244.7115,654
2026-01-02T09:31:39,AMD,161.0608,755
2026-01-02T09:31:39,AMZN,274.4937,665
2026-01-02T09:31:39,META,593.6989,450
2026-01-02T09:31:39,GOOGL,384.9958,681
2026-01-02T09:31:39,SPY,748.8180,353
2026-01-02T09:31:39,QQQ,702.0829,830
2026-01-02T09:31:40,AAPL,289.3358,335
2026-01-02T09:31:40,MSFT,395.6914,135
2026-01-02T09:31:40,NVDA,196.6067,775
2026-01-02T09:31:40,TSLA,244.8467,86
2026-01-02T09:31:40,AMD,161.0590,281
2026-01-02T09:31:40,AMZN,274.7008,118
2026-01-02T09:31:40,META,593.4941,815
2026-01-02T09:31:40,GOOGL,385.6854,172
2026-01-02T09:31:40,SPY,748.2455,837
2026-01-02T09:31:40,QQQ,701.7216,617
2026-01-02T09:31:41,AAPL,289.8140,326
2026-01-02T09:31:41,MSFT,395.4426,309
2026-01-02T09:31:41,NVDA,196.8825,426
2026-01-02T09:31:41,TSLA,244.8896,695
2026-01-02T09:31:41,AMD,161.4274,621
2026-01-02T09:31:41,AMZN,274.6054,868
2026-01-02T09:31:41,META,594.1024,770
2026-01-02T09:31:41,GOOGL,385.2327,662
2026-01-02T09:31:41,SPY,749.0412,674
2026-01-02T09:31:41,QQQ,702.2043,435
2026-01-02T09:31:42,AAPL,289.9898,97
2026-01-02T09:31:42,MSFT,396.5839,453
2026-01-02T09:31:42,NVDA,196.7406,433
2026-01-02T09:31:42,TSLA,244.5812,129
2026-01-02T09:31:42,AMD,161.0824,498
2026-01-02T09:31:42,AMZN,274.6404,474
2026-01-02T09:31:42,META,594.4255,615
2026-01-02T09:31:42,GOOGL,385.6616,583
2026-01-02T09:31:42,SPY,749.6291,774
2026-01-02T09:31:42,QQQ,703.2235,840
2026-01-02T09:31:43,AAPL,289.6085,450
2026-01-02T09:31:43,MSFT,396.0162,839
2026-01-02T09:31:43,NVDA,196.7255,183
2026-01-02T09:31:43,TSLA,245.1187,402
2026-01-02T09:31:43,AMD,161.1588,288
2026-01-02T09:31:43,AMZN,274.0687,704
2026-01-02T09:31:43,META,594.8214,153
2026-01-02T09:31:43,GOOGL,384.7064,341
2026-01-02T09:31:43,SPY,749.6924,81
2026-01-02T09:31:43,QQQ,702.2608,383
2026-01-02T09:31:44,AAPL,289.9091,270
2026-01-02T09:31:44,MSFT,395.5579,596
2026-01-02T09:31:44,NVDA,196.7187,504
2026-01-02T09:31:44,TSLA,244.9613,490
2026-01-02T09:31:44,AMD,161.4247,805
2026-01-02T09:31:44,AMZN,274.5425,834
2026-01-02T09:31:44,META,594.7108,374
2026-01-02T09:31:44,GOOGL,385.7756,451
2026-01-02T09:31:44,SPY,748.1688,828
2026-01-02T09:31:44,QQQ,701.3057,795
2026-01-02T09:31:45,AAPL,289.2704,737
2026-01-02T09:31:45,MSFT,395.6806,639
2026-01-02T09:31:45,NVDA,197.1219,347
2026-01-02T09:31:45,TSLA,244.9891,758
2026-01-02T09:31:45,AMD,161.2685,646
2026-01-02T09:31:45,AMZN,274.8514,403
2026-01-02T09:31:45,META,594.8071,177
2026-01-02T09:31:45,GOOGL,385.2201,454
2026-01-02T09:31:45,SPY,748.0499,394
2026-01-02T09:31:45,QQQ,702.8152,633
2026-01-02T09:31:46,AAPL,289.9581,187
2026-01-02T09:31:46,MSFT,395.6767,171
2026-01-02T09:31:46,NVDA,196.6574,353
2026-01-02T09:31:46,TSLA,244.6787,618
2026-01-02T09:31:46,AMD,161.2151,114
2026-01-02T09:31:46,AMZN,274.7692,832
2026-01-02T09:31:46,META,594.5046,594
2026-01-02T09:31:46,GOOGL,384.8778,155
2026-01-02T09:31:46,SPY,749.7375,99
2026-01-02T09:31:46,QQQ,701.5227,475
2026-01-02T09:31:47,AAPL,290.0878,796
2026-01-02T09:31:47,MSFT,396.4763,278
2026-01-02T09:31:47,NVDA,197.1843,549
2026-01-02T09:31:47,TSLA,244.9609,643
2026-01-02T09:31:47,AMD,161.3026,807
2026-01-02T09:31:47,AMZN,274.5091,273
2026-01-02T09:31:47,META,594.7440,598
2026-01-02T09:31:47,GOOGL,385.7299,252
2026-01-02T09:31:47,SPY,748.9274,492
2026-01-02T09:31:47,QQQ,702.9864,698
2026-01-02T09:31:48,AAPL,289.3352,270
2026-01-02T09:31:48,MSFT,395.6713,495
2026-01-02T09:31:48,NVDA,196.8635,115
2026-01-02T09:31:48,TSLA,244.9592,858
2026-01-02T09:31:48,AMD,161.1934,372
2026-01-02T09:31:48,AMZN,274.2169,602
2026-01-02T09:31:48,META,594.4749,613
2026-01-02T09:31:48,GOOGL,384.6612,573
2026-01-02T09:31:48,SPY,748.2580,200
2026-01-02T09:31:48,QQQ,701.8025,282
2026-01-02T09:31:49,AAPL,289.9952,269
2026-01-02T09:31:49,MSFT,396.3537,552
2026-01-02T09:31:49,NVDA,196.8430,711
2026-01-02T09:31:49,TSLA,244.6565,147
2026-01-02T09:31:49,AMD,161.2687,199
2026-01-02T09:31:49,AMZN,274.8812,886
2026-01-02T09:31:49,META,594.7651,192
2026-01-02T09:31:49,GOOGL,385.1789,764
2026-01-02T09:31:49,SPY,748.8982,188
2026-01-02T09:31:49,QQQ,702.5727,770
2026-01-02T09:31:50,AAPL,290.0565,126
2026-01-02T09:31:50,MSFT,396.5901,387
2026-01-02T09:31:50,NVDA,197.1764,681
2026-01-02T09:31:50,TSLA,244.7569,235
2026-01-02T09:31:50,AMD,161.0904,227
2026-01-02T09:31:50,AMZN,274.5055,875
2026-01-02T09:31:50,META,594.9564,258
2026-01-02T09:31:50,GOOGL,385.0988,544
2026-01-02T09:31:50,SPY,748.5642,277
2026-01-02T09:31:50,QQQ,702.1894,191
2026-01-02T09:31:51,AAPL,289.4188,508
2026-01-02T09:31:51,MSFT,396.2599,265
2026-01-02T09:31:51,NVDA,197.1796,321
2026-01-02T09:31:51,TSLA,245.0063,788
2026-01-02T09:31:51,AMD,161.4670,282
2026-01-02T09:31:51,AMZN,274.2231,502
2026-01-02T09:31:51,META,593.6913,815
2026-01-02T09:31:51,GOOGL,385.2364,646
2026-01-02T09:31:51,SPY,749.1194,695
2026-01-02T09:31:51,QQQ,702.8733,476
2026-01-02T09:31:52,AAPL,289.9793,668
2026-01-02T09:31:52,MSFT,395.7814,830
2026-01-02T09:31:52,NVDA,197.0890,426
2026-01-02T09:31:52,TSLA,244.6777,419
2026-01-02T09:31:52,AMD,161.0943,443
2026-01-02T09:31:52,AMZN,274.5007,331
2026-01-02T09:31:52,META,594.8631,358
2026-01-02T09:31:52,GOOGL,384.9528,248
2026-01-02T09:31:52,SPY,748.7251,158
2026-01-02T09:31:52,QQQ,701.1580,472
2026-01-02T09:31:53,AAPL,289.3673,756
2026-01-02T09:31:53,MSFT,395.6823,300
2026-01-02T09:31:53,NVDA,197.1213,676
2026-01-02T09:31:53,TSLA,245.0592,692
2026-01-02T09:31:53,AMD,161.1331,561
2026-01-02T09:31:53,AMZN,274.9025,737
2026-01-02T09:31:53,META,593.7912,242
2026-01-02T09:31:53,GOOGL,385.2033,688
2026-01-02T09:31:53,SPY,747.7697,168
2026-01-02T09:31:53,QQQ,701.9311,842
2026-01-02T09:31:54,AAPL,289.8757,550
2026-01-02T09:31:54,MSFT,396.5972,366
2026-01-02T09:31:54,NVDA,196.9800,604
2026-01-02T09:31:54,TSLA,245.1908,755
2026-01-02T09:31:54,AMD,161.1799,749
2026-01-02T09:31:54,AMZN,274.1521,611
2026-01-02T09:31:54,META,594.7275,812
2026-01-02T09:31:54,GOOGL,384.5776,420
2026-01-02T09:31:54,SPY,748.2832,698
2026-01-02T09:31:54,QQQ,702.4162,202
2026-01-02T09:31:55,AAPL,289.5028,284
2026-01-02T09:31:55,MSFT,396.5628,617
2026-01-02T09:31:55,NVDA,196.9075,131
2026-01-02T09:31:55,TSLA,244.6455,783
2026-01-02T09:31:55,AMD,161.1566,481
2026-01-02T09:31:55,AMZN,274.1865,399
2026-01-02T09:31:55,META,593.6557,260
2026-01-02T09:31:55,GOOGL,384.9426,366
2026-01-02T09:31:55,SPY,747.8408,544
2026-01-02T09:31:55,QQQ,701.1393,301
2026-01-02T09:31:56,AAPL,289.4917,248
2026-01-02T09:31:56,MSFT,396.4252,408
2026-01-02T09:31:56,NVDA,197.0374,219
2026-01-02T09:31:56,TSLA,245.0408,553
2026-01-02T09:31:56,AMD,161.3739,572
2026-01-02T09:31:56,AMZN,274.4830,456
2026-01-02T09:31:56,META,594.7444,867
2026-01-02T09:31:56,GOOGL,385.2152,90
2026-01-02T09:31:56,SPY,747.4045,750
2026-01-02T09:31:56,QQQ,701.5944,586
2026-01-02T09:31:57,AAPL,290.0946,476
2026-01-02T09:31:57,MSFT,396.2780,333
2026-01-02T09:31:57,NVDA,196.8178,170
2026-01-02T09:31:57,TSLA,245.2554,331
2026-01-02T09:31:57,AMD,161.3391,732
2026-01-02T09:31:57,AMZN,274.5939,204
2026-01-02T09:31:57,META,594.5924,181
2026-01-02T09:31:57,GOOGL,385.5532,461
2026-01-02T09:31:57,SPY,749.4999,593
2026-01-02T09:31:57,QQQ,702.8662,334
2026-01-02T09:31:58,AAPL,289.5009,720
2026-01-02T09:31:58,MSFT,396.4411,351
2026-01-02T09:31:58,NVDA,197.1187,788
2026-01-02T09:31:58,TSLA,245.1153,270
2026-01-02T09:31:58,AMD,161.0742,263
2026-01-02T09:31:58,AMZN,274.9205,755
2026-01-02T09:31:58,META,594.2184,432
2026-01-02T09:31:58,GOOGL,384.7270,343
2026-01-02T09:31:58,SPY,747.5660,143
2026-01-02T09:31:58,QQQ,702.9330,597
2026-01-02T09:31:59,AAPL,290.2117,615
2026-01-02T09:31:59,MSFT,396.6312,577
2026-01-02T09:31:59,NVDA,197.1303,522
2026-01-02T09:31:59,TSLA,244.6193,490
2026-01-02T09:31:59,AMD,161.1106,273
2026-01-02T09:31:59,AMZN,274.5684,280
2026-01-02T09:31:59,META,594.7876,85
2026-01-02T09:31:59,GOOGL,384.8860,598
2026-01-02T09:31:59,SPY,747.7833,528
2026-01-02T09:31:59,QQQ,702.4841,236
2026-01-02T09:31:00,AAPL,290.0673,833
2026-01-02T09:31:00,MSFT,396.1637,578
2026-01-02T09:31:00,NVDA,196.7289,472
2026-01-02T09:31:00,TSLA,245.0902,258
2026-01-02T09:31:00,AMD,161.2041,597
2026-01-02T09:31:00,AMZN,274.4076,715
2026-01-02T09:31:00,META,594.3492,743
2026-01-02T09:31:00,GOOGL,385.5572,330
2026-01-02T09:31:00,SPY,747.4086,882
2026-01-02T09:31:00,QQQ,702.5647,644
2026-01-02T09:31:01,AAPL,289.6681,731
2026-01-02T09:31:01,MSFT,396.7904,744
2026-01-02T09:31:01,NVDA,197.0003,288
2026-01-02T09:31:01,TSLA,244.9785,517
2026-01-02T09:31:01,AMD,161.1008,561
2026-01-02T09:31:01,AMZN,274.5149,329
2026-01-02T09:31:01,META,594.4269,362
2026-01-02T09:31:01,GOOGL,384.8637,787
2026-01-02T09:31:01,SPY,748.2103,861
2026-01-02T09:31:01,QQQ,701.5597,806
2026-01-02T09:31:02,AAPL,289.7624,900
2026-01-02T09:31:02,MSFT,395.7714,229
2026-01-02T09:31:02,NVDA,197.1673,648
2026-01-02T09:31:02,TSLA,244.9345,347
2026-01-02T09:31:02,AMD,160.9359,147
2026-01-02T09:31:02,AMZN,274.5795,650
2026-01-02T09:31:02,META,594.1641,304
2026-01-02T09:31:02,GOOGL,384.6554,704
2026-01-02T09:31:02,SPY,747.8902,105
2026-01-02T09:31:02,QQQ,701.0555,555
2026-01-02T09:31:03,AAPL,290.0773,591
2026-01-02T09:31:03,MSFT,396.4501,355
2026-01-02T09:31:03,NVDA,196.9802,134
2026-01-02T09:31:03,TSLA,245.0636,530
2026-01-02T09:31:03,AMD,161.2451,546
2026-01-02T09:31:03,AMZN,274.8996,664
2026-01-02T09:31:03,META,594.2493,400
2026-01-02T09:31:03,GOOGL,385.5643,775
2026-01-02T09:31:03,SPY,748.0163,898
2026-01-02T09:31:03,QQQ,702.9351,209
2026-01-02T09:31:04,AAPL,290.2379,335
2026-01-02T09:31:04,MSFT,396.7909,185
2026-01-02T09:31:04,NVDA,196.8123,671
2026-01-02T09:31:04,TSLA,245.3197,210
2026-01-02T09:31:04,AMD,161.0976,429
2026-01-02T09:31:04,AMZN,274.4801,213
2026-01-02T09:31:04,META,593.8242,448
2026-01-02T09:31:04,GOOGL,384.9862,313
2026-01-02T09:31:04,SPY,748.4119,287
2026-01-02T09:31:04,QQQ,701.7629,627
2026-01-02T09:31:05,AAPL,289.4576,454
2026-01-02T09:31:05,MSFT,395.8747,88
2026-01-02T09:31:05,NVDA,197.3055,219
2026-01-02T09:31:05,TSLA,245.3345,776
2026-01-02T09:31:05,AMD,161.2144,726
2026-01-02T09:31:05,AMZN,274.3068,347
2026-01-02T09:31:05,META,595.0735,491
2026-01-02T09:31:05,GOOGL,384.5332,466
2026-01-02T09:31:05,SPY,747.7713,592
2026-01-02T09:31:05,QQQ,701.4981,239
2026-01-02T09:31:06,AAPL,289.5838,827
2026-01-02T09:31:06,MSFT,396.8064,334
2026-01-02T09:31:06,NVDA,197.1520,844
2026-01-02T09:31:06,TSLA,245.2632,728
2026-01-02T09:31:06,AMD,161.0889,369
2026-01-02T09:31:06,AMZN,274.5783,563
2026-01-02T09:31:06,META,593.6930,300
2026-01-02T09:31:06,GOOGL,385.5101,238
2026-01-02T09:31:06,SPY,747.6823,325
2026-01-02T09:31:06,QQQ,701.4250,611
2026-01-02T09:31:07,AAPL,290.2826,633
2026-01-02T09:31:07,MSFT,396.2232,252
2026-01-02T09:31:07,NVDA,197.2184,85
2026-01-02T09:31:07,TSLA,245.2730,829
2026-01-02T09:31:07,AMD,161.0928,490
2026-01-02T09:31:07,AMZN,274.2971,782
2026-01-02T09:31:07,META,594.3877,665
2026-01-02T09:31:07,GOOGL,384.5789,96
2026-01-02T09:31:07,SPY,747.5835,199
2026-01-02T09:31:07,QQQ,702.1098,371
2026-01-02T09:31:08,AAPL,290.1724,794
2026-01-02T09:31:08,MSFT,396.8244,510
2026-01-02T09:31:08,NVDA,196.9553,296
2026-01-02T09:31:08,TSLA,245.0861,697
2026-01-02T09:31:08,AMD,161.3010,548
2026-01-02T09:31:08,AMZN,274.6975,237
2026-01-02T09:31:08,META,595.2994,212
2026-01-02T09:31:08,GOOGL,385.1795,313
2026-01-02T09:31:08,SPY,748.3182,518
2026-01-02T09:31:08,QQQ,701.1827,887
2026-01-02T09:31:09,AAPL,289.5734,169
2026-01-02T09:31:09,MSFT,396.9193,729
2026-01-02T09:31:09,NVDA,196.8977,384
2026-01-02T09:31:09,TSLA,245.0296,114
2026-01-02T09:31:09,AMD,160.9774,433
2026-01-02T09:31:09,AMZN,274.7743,791
2026-01-02T09:31:09,META,595.0420,94
2026-01-02T09:31:09,GOOGL,384.8638,616
2026-01-02T09:31:09,SPY,748.1510,600
2026-01-02T09:31:09,QQQ,702.6564,467
2026-01-02T09:31:10,AAPL,290.0582,205
2026-01-02T09:31:10,MSFT,396.9636,898
2026-01-02T09:31:10,NVDA,197.1603,604
2026-01-02T09:31:10,TSLA,244.8158,831
2026-01-02T09:31:10,AMD,161.2906,606
2026-01-02T09:31:10,AMZN,275.0609,602
2026-01-02T09:31:10,META,593.9049,89
2026-01-02T09:31:10,GOOGL,385.1435,547
2026-01-02T09:31:10,SPY,748.0112,738
2026-01-02T09:31:10,QQQ,701.7464,760
2026-01-02T09:31:11,AAPL,289.5878,422
2026-01-02T09:31:11,MSFT,397.0073,311
2026-01-02T09:31:11,NVDA,197.2307,499
2026-01-02T09:31:11,TSLA,245.3765,433
2026-01-02T09:31:11,AMD,161.0339,274
2026-01-02T09:31:11,AMZN,274.3998,708
2026-01-02T09:31:11,META,594.4365,218
2026-01-02T09:31:11,GOOGL,385.1338,243
2026-01-02T09:31:11,SPY,747.8434,555
2026-01-02T09:31:11,QQQ,702.5763,610
2026-01-02T09:31:12,AAPL,290.3487,764
2026-01-02T09:31:12,MSFT,395.8901,473
2026-01-02T09:31:12,NVDA,197.2495,390
2026-01-02T09:31:12,TSLA,244.9361,859
2026-01-02T09:31:12,AMD,161.2571,478
2026-01-02T09:31:12,AMZN,274.8651,840
2026-01-02T09:31:12,META,593.8089,146
2026-01-02T09:31:12,GOOGL,384.5543,687
2026-01-02T09:31:12,SPY,747.8623,784
2026-01-02T09:31:12,QQQ,701.4692,190
2026-01-02T09:31:13,AAPL,289.5528,516
2026-01-02T09:31:13,MSFT,396.3460,476
2026-01-02T09:31:13,NVDA,197.0929,168
2026-01-02T09:31:13,TSLA,245.3457,830
2026-01-02T09:31:13,AMD,161.0619,847
2026-01-02T09:31:13,AMZN,274.9181,141
2026-01-02T09:31:13,META,594.3407,727
2026-01-02T09:31:13,GOOGL,384.6573,364
2026-01-02T09:31:13,SPY,748.5920,891
2026-01-02T09:31:13,QQQ,701.1839,794
2026-01-02T09:31:14,AAPL,289.6348,437
2026-01-02T09:31:14,MSFT,396.0217,619
2026-01-02T09:31:14,NVDA,196.9493,241
2026-01-02T09:31:14,TSLA,244.9970,189
2026-01-02T09:31:14,AMD,161.0456,754
2026-01-02T09:31:14,AMZN,274.3590,239
2026-01-02T09:31:14,META,594.5548,577
2026-01-02T09:31:14,GOOGL,385.0574,880
2026-01-02T09:31:14,SPY,747.3300,515
2026-01-02T09:31:14,QQQ,701.5159,549
2026-01-02T09:31:15,AAPL,289.6548,105
2026-01-02T09:31:15,MSFT,396.2314,317
2026-01-02T09:31:15,NVDA,197.1821,689
2026-01-02T09:31:15,TSLA,245.4441,396
2026-01-02T09:31:15,AMD,161.0155,311
2026-01-02T09:31:15,AMZN,274.8552,494
2026-01-02T09:31:15,META,595.1246,844
2026-01-02T09:31:15,GOOGL,385.1205,888
2026-01-02T09:31:15,SPY,748.3133,206
2026-01-02T09:31:15,QQQ,700.7490,362
2026-01-02T09:31:16,AAPL,289.9927,172
2026-01-02T09:31:16,MSFT,396.8321,537
2026-01-02T09:31:16,NVDA,197.2153,511
2026-01-02T09:31:16,TSLA,244.7923,403
2026-01-02T09:31:16,AMD,161.0100,730
2026-01-02T09:31:16,AMZN,274.6591,558
2026-01-02T09:31:16,META,594.3779,117
2026-01-02T09:31:16,GOOGL,385.1851,403
2026-01-02T09:31:16,SPY,747.2882,647
2026-01-02T09:31:16,QQQ,701.1029,340
2026-01-02T09:31:17,AAPL,290.0939,453
2026-01-02T09:31:17,MSFT,396.8664,435
2026-01-02T09:31:17,NVDA,196.8864,129
2026-01-02T09:31:17,TSLA,244.9618,740
2026-01-02T09:31:17,AMD,161.2092,543
2026-01-02T09:31:17,AMZN,275.0628,96
2026-01-02T09:31:17,META,594.7122,413
2026-01-02T09:31:17,GOOGL,384.5356,213
2026-01-02T09:31:17,SPY,748.4642,705
2026-01-02T09:31:17,QQQ,702.5442,363
2026-01-02T09:31:18,AAPL,290.0050,551
2026-01-02T09:31:18,MSFT,396.8815,189
2026-01-02T09:31:18,NVDA,197.1433,224
2026-01-02T09:31:18,TSLA,244.7829,155
2026-01-02T09:31:18,AMD,161.0358,618
2026-01-02T09:31:18,AMZN,274.5760,367
2026-01-02T09:31:18,META,595.2031,838
2026-01-02T09:31:18,GOOGL,385.0932,246
2026-01-02T09:31:18,SPY,747.5652,877
2026-01-02T09:31:18,QQQ,700.5732,320
2026-01-02T09:31:19,AAPL,290.0694,568
2026-01-02T09:31:19,MSFT,396.5236,320
2026-01-02T09:31:19,NVDA,197.0011,610
2026-01-02T09:31:19,TSLA,244.9861,277
2026-01-02T09:31:19,AMD,160.8992,769
2026-01-02T09:31:19,AMZN,274.4148,268
2026-01-02T09:31:19,META,595.5779,182
2026-01-02T09:31:19,GOOGL,384.5368,281
2026-01-02T09:31:19,SPY,747.0121,564
2026-01-02T09:31:19,QQQ,701.2992,430
2026-01-02T09:32:20,AAPL,289.9938,614
2026-01-02T09:32:20,MSFT,396.7643,644
2026-01-02T09:32:20,NVDA,197.3304,681
2026-01-02T09:32:20,TSLA,245.2896,384
2026-01-02T09:32:20,AMD,160.9273,606
2026-01-02T09:32:20,AMZN,274.7679,180
2026-01-02T09:32:20,META,594.6926,181
2026-01-02T09:32:20,GOOGL,384.7361,163
2026-01-02T09:32:20,SPY,747.3051,187
2026-01-02T09:32:20,QQQ,700.5842,709
2026-01-02T09:32:21,AAPL,289.9153,479
2026-01-02T09:32:21,MSFT,396.1808,284
2026-01-02T09:32:21,NVDA,197.1033,869
2026-01-02T09:32:21,TSLA,244.9014,786
2026-01-02T09:32:21,AMD,160.9154,351
2026-01-02T09:32:21,AMZN,274.7620,674
2026-01-02T09:32:21,META,594.4920,326
2026-01-02T09:32:21,GOOGL,385.0043,656
2026-01-02T09:32:21,SPY,747.0119,651
2026-01-02T09:32:21,QQQ,701.9794,184
2026-01-02T09:32:22,AAPL,289.7979,888
2026-01-02T09:32:22,MSFT,397.0283,86
2026-01-02T09:32:22,NVDA,196.9896,157
2026-01-02T09:32:22,TSLA,244.8574,398
2026-01-02T09:32:22,AMD,161.0720,304
2026-01-02T09:32:22,AMZN,275.0008,741
2026-01-02T09:32:22,META,594.6610,467
2026-01-02T09:32:22,GOOGL,384.7219,798
2026-01-02T09:32:22,SPY,747.2485,126
2026-01-02T09:32:22,QQQ,701.8586,572
2026-01-02T09:32:23,AAPL,290.4262,469
2026-01-02T09:32:23,MSFT,396.1443,730
2026-01-02T09:32:23,NVDA,197.3474,263
2026-01-02T09:32:23,TSLA,244.8885,830
2026-01-02T09:32:23,AMD,161.1247,336
2026-01-02T09:32:23,AMZN,274.8974,853
2026-01-02T09:32:23,META,594.9647,728
2026-01-02T09:32:23,GOOGL,384.5751,751
2026-01-02T09:32:23,SPY,747.2143,721
2026-01-02T09:32:23,QQQ,701.3930,810
2026-01-02T09:32:24,AAPL,289.8068,869
2026-01-02T09:32:24,MSFT,396.8558,468
2026-01-02T09:32:24,NVDA,196.8751,470
2026-01-02T09:32:24,TSLA,245.2477,506
2026-01-02T09:32:24,AMD,161.2152,637
2026-01-02T09:32:24,AMZN,275.1551,284
2026-01-02T09:32:24,META,595.2669,676
2026-01-02T09:32:24,GOOGL,384.3048,800
2026-01-02T09:32:24,SPY,747.3863,292
2026-01-02T09:32:24,QQQ,701.9460,340
2026-01-02T09:32:25,AAPL,289.6808,401
2026-01-02T09:32:25,MSFT,396.2425,184
2026-01-02T09:32:25,NVDA,197.3037,600
2026-01-02T09:32:25,TSLA,244.8557,321
2026-01-02T09:32:25,AMD,160.8769,707
2026-01-02T09:32:25,AMZN,275.1951,886
2026-01-02T09:32:25,META,595.6013,363
2026-01-02T09:32:25,GOOGL,385.0602,774
2026-01-02T09:32:25,SPY,748.1734,400
2026-01-02T09:32:25,QQQ,700.5328,279
2026-01-02T09:32:26,AAPL,290.3048,640
2026-01-02T09:32:26,MSFT,396.0433,140
2026-01-02T09:32:26,NVDA,197.1070,751
2026-01-02T09:32:26,TSLA,244.9099,651
2026-01-02T09:32:26,AMD,160.8318,479
2026-01-02T09:32:26,AMZN,274.5502,495
2026-01-02T09:32:26,META,595.4617,82
2026-01-02T09:32:26,GOOGL,384.9425,285
2026-01-02T09:32:26,SPY,746.6535,388
2026-01-02T09:32:26,QQQ,700.3728,689
2026-01-02T09:32:27,AAPL,290.2862,160
2026-01-02T09:32:27,MSFT,397.1527,796
2026-01-02T09:32:27,NVDA,197.2337,265
2026-01-02T09:32:27,TSLA,245.2534,674
2026-01-02T09:32:27,AMD,160.9911,131
2026-01-02T09:32:27,AMZN,274.8102,344
2026-01-02T09:32:27,META,595.8375,116
2026-01-02T09:32:27,GOOGL,384.7955,172
2026-01-02T09:32:27,SPY,748.6730,590
2026-01-02T09:32:27,QQQ,701.7947,118
2026-01-02T09:32:28,AAPL,289.6840,285
2026-01-02T09:32:28,MSFT,396.3167,602
2026-01-02T09:32:28,NVDA,197.3593,388
2026-01-02T09:32:28,TSLA,245.5812,281
2026-01-02T09:32:28,AMD,161.0742,506
2026-01-02T09:32:28,AMZN,275.1125,799
2026-01-02T09:32:28,META,595.0620,568
2026-01-02T09:32:28,GOOGL,384.6501,226
2026-01-02T09:32:28,SPY,748.2869,465
2026-01-02T09:32:28,QQQ,700.3038,433
2026-01-02T09:32:29,AAPL,289.9365,184
2026-01-02T09:32:29,MSFT,396.9387,693
2026-01-02T09:32:29,NVDA,197.3581,143
2026-01-02T09:32:29,TSLA,244.8667,587
2026-01-02T09:32:29,AMD,161.2394,185
2026-01-02T09:32:29,AMZN,274.6034,700
2026-01-02T09:32:29,META,594.5928,121
2026-01-02T09:32:29,GOOGL,384.1802,114
2026-01-02T09:32:29,SPY,747.5599,263
2026-01-02T09:32:29,QQQ,701.6012,195
2026-01-02T09:32:30,AAPL,290.0751,82
2026-01-02T09:32:30,MSFT,396.2433,891
2026-01-02T09:32:30,NVDA,197.1431,387
2026-01-02T09:32:30,TSLA,245.3931,804
2026-01-02T09:32:30,AMD,160.9422,82
2026-01-02T09:32:30,AMZN,275.0155,783
2026-01-02T09:32:30,META,594.4654,82
2026-01-02T09:32:30,GOOGL,384.6372,603
2026-01-02T09:32:30,SPY,746.9103,600
2026-01-02T09:32:30,QQQ,701.4136,897
2026-01-02T09:32:31,AAPL,289.8105,196
2026-01-02T09:32:31,MSFT,397.2555,885
2026-01-02T09:32:31,NVDA,197.3565,245
2026-01-02T09:32:31,TSLA,245.6038,843
2026-01-02T09:32:31,AMD,161.1638,93
2026-01-02T09:32:31,AMZN,274.7164,677
2026-01-02T09:32:31,META,594.2376,173
2026-01-02T09:32:31,GOOGL,384.9776,840
2026-01-02T09:32:31,SPY,748.4748,608
2026-01-02T09:32:31,QQQ,700.7363,606
2026-01-02T09:32:32,AAPL,289.7590,355
2026-01-02T09:32:32,MSFT,396.2257,196
2026-01-02T09:32:32,NVDA,197.2099,486
2026-01-02T09:32:32,TSLA,244.8935,575
2026-01-02T09:32:32,AMD,160.9732,820
2026-01-02T09:32:32,AMZN,275.2410,721
2026-01-02T09:32:32,META,595.3468,199
2026-01-02T09:32:32,GOOGL,384.0556,840
2026-01-02T09:32:32,SPY,747.9654,819
2026-01-02T09:32:32,QQQ,701.4997,797
2026-01-02T09:32:33,AAPL,290.3225,420
2026-01-02T09:32:33,MSFT,396.5292,531
2026-01-02T09:32:33,NVDA,197.3850,473
2026-01-02T09:32:33,TSLA,245.4833,130
2026-01-02T09:32:33,AMD,161.0962,610
2026-01-02T09:32:33,AMZN,275.1902,806
2026-01-02T09:32:33,META,594.9668,599
2026-01-02T09:32:33,GOOGL,384.9941,317
2026-01-02T09:32:33,SPY,748.2183,135
2026-01-02T09:32:33,QQQ,702.2037,527
2026-01-02T09:32:34,AAPL,289.7858,558
2026-01-02T09:32:34,MSFT,396.5769,822
2026-01-02T09:32:34,NVDA,197.2005,217
2026-01-02T09:32:34,TSLA,245.4300,389
2026-01-02T09:32:34,AMD,160.8175,500
2026-01-02T09:32:34,AMZN,274.9238,748
2026-01-02T09:32:34,META,594.9450,481
2026-01-02T09:32:34,GOOGL,384.8867,847
2026-01-02T09:32:34,SPY,747.5379,475
2026-01-02T09:32:34,QQQ,700.5419,346
2026-01-02T09:32:35,AAPL,290.4711,110
2026-01-02T09:32:35,MSFT,397.0572,864
2026-01-02T09:32:35,NVDA,196.9715,726
2026-01-02T09:32:35,TSLA,244.9892,191
2026-01-02T09:32:35,AMD,161.1894,795
2026-01-02T09:32:35,AMZN,275.2620,613
2026-01-02T09:32:35,META,595.9983,735
2026-01-02T09:32:35,GOOGL,384.0942,419
2026-01-02T09:32:35,SPY,748.2919,871
2026-01-02T09:32:35,QQQ,700.3291,239
2026-01-02T09:32:36,AAPL,290.1035,128
2026-01-02T09:32:36,MSFT,396.9963,759
2026-01-02T09:32:36,NVDA,197.0949,456
2026-01-02T09:32:36,TSLA,245.1195,633
2026-01-02T09:32:36,AMD,160.8777,127
2026-01-02T09:32:36,AMZN,274.7730,826
2026-01-02T09:32:36,META,595.6568,396
2026-01-02T09:32:36,GOOGL,384.4496,868
2026-01-02T09:32:36,SPY,746.6049,494
2026-01-02T09:32:36,QQQ,700.2913,841
2026-01-02T09:32:37,AAPL,290.0246,707
2026-01-02T09:32:37,MSFT,397.3730,767
2026-01-02T09:32:37,NVDA,197.3488,885
2026-01-02T09:32:37,TSLA,245.1067,782
2026-01-02T09:32:37,AMD,161.0003,887
2026-01-02T09:32:37,AMZN,275.2245,417
2026-01-02T09:32:37,META,594.9916,134
2026-01-02T09:32:37,GOOGL,384.4830,498
2026-01-02T09:32:37,SPY,747.6367,502
2026-01-02T09:32:37,QQQ,700.6277,353
2026-01-02T09:32:38,AAPL,290.3144,511
2026-01-02T09:32:38,MSFT,396.9269,255
2026-01-02T09:32:38,NVDA,197.2298,221
2026-01-02T09:32:38,TSLA,245.0578,115
2026-01-02T09:32:38,AMD,161.0606,615
2026-01-02T09:32:38,AMZN,275.0233,309
2026-01-02T09:32:38,META,595.2114,277
2026-01-02T09:32:38,GOOGL,384.8065,143
2026-01-02T09:32:38,SPY,748.3507,313
2026-01-02T09:32:38,QQQ,701.9441,422
2026-01-02T09:32:39,AAPL,289.7886,271
2026-01-02T09:32:39,MSFT,396.4363,155
2026-01-02T09:32:39,NVDA,197.4731,798
2026-01-02T09:32:39,TSLA,245.4137,671
2026-01-02T09:32:39,AMD,161.0950,739
2026-01-02T09:32:39,AMZN,274.8322,515
2026-01-02T09:32:39,META,595.8636,444
2026-01-02T09:32:39,GOOGL,384.1995,289
2026-01-02T09:32:39,SPY,746.9778,83
2026-01-02T09:32:39,QQQ,700.0440,529
2026-01-02T09:32:40,AAPL,290.4901,175
2026-01-02T09:32:40,MSFT,396.7949,111
2026-01-02T09:32:40,NVDA,197.2136,134
2026-01-02T09:32:40,TSLA,245.3244,749
2026-01-02T09:32:40,AMD,161.0972,122
2026-01-02T09:32:40,AMZN,274.7579,475
2026-01-02T09:32:40,META,594.7868,588
2026-01-02T09:32:40,GOOGL,385.0089,402
2026-01-02T09:32:40,SPY,748.0164,807
2026-01-02T09:32:40,QQQ,700.3368,159
2026-01-02T09:32:41,AAPL,290.3303,305
2026-01-02T09:32:41,MSFT,396.3964,403
2026-01-02T09:32:41,NVDA,197.0417,805
2026-01-02T09:32:41,TSLA,245.6663,550
2026-01-02T09:32:41,AMD,160.9282,660
2026-01-02T09:32:41,AMZN,275.1048,677
2026-01-02T09:32:41,META,595.0742,525
2026-01-02T09:32:41,GOOGL,384.2154,635
2026-01-02T09:32:41,SPY,748.3252,740
2026-01-02T09:32:41,QQQ,700.0518,292
2026-01-02T09:32:42,AAPL,290.3161,897
2026-01-02T09:32:42,MSFT,396.2970,369
2026-01-02T09:32:42,NVDA,197.4020,317
2026-01-02T09:32:42,TSLA,245.3704,830
2026-01-02T09:32:42,AMD,160.7131,358
2026-01-02T09:32:42,AMZN,275.0329,814
2026-01-02T09:32:42,META,595.1032,614
2026-01-02T09:32:42,GOOGL,383.8968,525
2026-01-02T09:32:42,SPY,747.8689,609
2026-01-02T09:32:42,QQQ,701.8436,831
2026-01-02T09:32:43,AAPL,290.4328,890
2026-01-02T09:32:43,MSFT,396.5007,456
2026-01-02T09:32:43,NVDA,197.0251,345
2026-01-02T09:32:43,TSLA,245.2249,373
2026-01-02T09:32:43,AMD,160.9792,857
2026-01-02T09:32:43,AMZN,274.6610,330
2026-01-02T09:32:43,META,595.8396,243
2026-01-02T09:32:43,GOOGL,383.8820,515
2026-01-02T09:32:43,SPY,746.8100,446
2026-01-02T09:32:43,QQQ,701.6211,617
2026-01-02T09:32:44,AAPL,290.0631,230
2026-01-02T09:32:44,MSFT,396.4947,739
2026-01-02T09:32:44,NVDA,197.3153,333
2026-01-02T09:32:44,TSLA,245.4552,237
2026-01-02T09:32:44,AMD,160.8016,885
2026-01-02T09:32:44,AMZN,275.0946,182
2026-01-02T09:32:44,META,594.5566,557
2026-01-02T09:32:44,GOOGL,384.2022,176
2026-01-02T09:32:44,SPY,747.5952,773
2026-01-02T09:32:44,QQQ,701.6807,582
2026-01-02T09:32:45,AAPL,290.1129,359
2026-01-02T09:32:45,MSFT,396.5663,763
2026-01-02T09:32:45,NVDA,197.1517,866
2026-01-02T09:32:45,TSLA,245.6271,348
2026-01-02T09:32:45,AMD,160.8556,559
2026-01-02T09:32:45,AMZN,275.0848,468
2026-01-02T09:32:45,META,594.7443,226
2026-01-02T09:32:45,GOOGL,383.9978,688
2026-01-02T09:32:45,SPY,746.5817,84
2026-01-02T09:32:45,QQQ,700.3400,777
2026-01-02T09:32:46,AAPL,290.2727,674
2026-01-02T09:32:46,MSFT,396.6797,776
2026-01-02T09:32:46,NVDA,197.5773,308
2026-01-02T09:32:46,TSLA,245.0284,350
2026-01-02T09:32:46,AMD,161.0373,234
2026-01-02T09:32:46,AMZN,274.7690,831
2026-01-02T09:32:46,META,595.5154,722
2026-01-02T09:32:46,GOOGL,384.2810,671
2026-01-02T09:32:46,SPY,746.5403,557
2026-01-02T09:32:46,QQQ,700.5415,478
2026-01-02T09:32:47,AAPL,290.5785,694
2026-01-02T09:32:47,MSFT,396.4401,561
2026-01-02T09:32:47,NVDA,197.0345,372
2026-01-02T09:32:47,TSLA,245.2629,183
2026-01-02T09:32:47,AMD,160.9975,592
2026-01-02T09:32:47,AMZN,274.7468,878
2026-01-02T09:32:47,META,595.7744,779
2026-01-02T09:32:47,GOOGL,384.7837,309
2026-01-02T09:32:47,SPY,746.9018,704
2026-01-02T09:32:47,QQQ,700.7130,156
2026-01-02T09:32:48,AAPL,290.1104,468
2026-01-02T09:32:48,MSFT,397.4723,567
2026-01-02T09:32:48,NVDA,197.0346,310
2026-01-02T09:32:48,TSLA,245.5224,266
2026-01-02T09:32:48,AMD,160.9821,763
2026-01-02T09:32:48,AMZN,275.0373,198
2026-01-02T09:32:48,META,594.9839,859
2026-01-02T09:32:48,GOOGL,384.4930,347
2026-01-02T09:32:48,SPY,748.1974,345
2026-01-02T09:32:48,QQQ,700.5357,718
2026-01-02T09:32:49,AAPL,290.4624,186
2026-01-02T09:32:49,MSFT,397.0215,726
2026-01-02T09:32:49,NVDA,197.2139,675
2026-01-02T09:32:49,TSLA,245.5567,495
2026-01-02T09:32:49,AMD,160.7061,376
2026-01-02T09:32:49,AMZN,275.3961,297
2026-01-02T09:32:49,META,595.7465,843
2026-01-02T09:32:49,GOOGL,384.7962,83
2026-01-02T09:32:49,SPY,746.6672,458
2026-01-02T09:32:49,QQQ,700.8850,167
2026-01-02T09:32:50,AAPL,290.1271,648
2026-01-02T09:32:50,MSFT,396.4664,867
2026-01-02T09:32:50,NVDA,197.4748,622
2026-01-02T09:32:50,TSLA,245.3751,332
2026-01-02T09:32:50,AMD,160.8524,703
2026-01-02T09:32:50,AMZN,274.9426,823
2026-01-02T09:32:50,META,594.8548,606
2026-01-02T09:32:50,GOOGL,384.2466,188
2026-01-02T09:32:50,SPY,746.9814,214
2026-01-02T09:32:50,QQQ,701.3467,438
2026-01-02T09:32:51,AAPL,290.3199,670
2026-01-02T09:32:51,MSFT,397.3673,866
2026-01-02T09:32:51,NVDA,197.4552,159
2026-01-02T09:32:51,TSLA,245.4322,193
2026-01-02T09:32:51,AMD,160.6678,80
2026-01-02T09:32:51,AMZN,275.3019,197
2026-01-02T09:32:51,META,595.1211,109
2026-01-02T09:32:51,GOOGL,384.2156,739
2026-01-02T09:32:51,SPY,747.7688,599
2026-01-02T09:32:51,QQQ,700.1347,503
2026-01-02T09:32:52,AAPL,290.7325,739
2026-01-02T09:32:52,MSFT,396.7555,803
2026-01-02T09:32:52,NVDA,197.6150,604
2026-01-02T09:32:52,TSLA,245.2283,325
2026-01-02T09:32:52,AMD,160.7697,675
2026-01-02T09:32:52,AMZN,274.8597,794
2026-01-02T09:32:52,META,595.0344,550
2026-01-02T09:32:52,GOOGL,384.2579,568
2026-01-02T09:32:52,SPY,747.2969,880
2026-01-02T09:32:52,QQQ,700.0156,459
2026-01-02T09:32:53,AAPL,290.0013,321
2026-01-02T09:32:53,MSFT,396.8509,856
2026-01-02T09:32:53,NVDA,197.2610,685
2026-01-02T09:32:53,TSLA,245.3304,324
2026-01-02T09:32:53,AMD,161.0587,690
2026-01-02T09:32:53,AMZN,274.9269,434
2026-01-02T09:32:53,META,595.9595,468
2026-01-02T09:32:53,GOOGL,384.0313,343
2026-01-02T09:32:53,SPY,747.3472,154
2026-01-02T09:32:53,QQQ,700.3506,826
2026-01-02T09:32:54,AAPL,290.6301,898
2026-01-02T09:32:54,MSFT,396.8635,594
2026-01-02T09:32:54,NVDA,197.1210,143
2026-01-02T09:32:54,TSLA,245.4629,593
2026-01-02T09:32:54,AMD,161.0333,178
2026-01-02T09:32:54,AMZN,275.3967,584
2026-01-02T09:32:54,META,595.8865,806
2026-01-02T09:32:54,GOOGL,384.4853,635
2026-01-02T09:32:54,SPY,747.0002,811
2026-01-02T09:32:54,QQQ,701.1709,731
2026-01-02T09:32:55,AAPL,290.4181,708
2026-01-02T09:32:55,MSFT,396.8728,769
2026-01-02T09:32:55,NVDA,197.2994,142
2026-01-02T09:32:55,TSLA,245.2169,130
2026-01-02T09:32:55,AMD,160.6718,210
2026-01-02T09:32:55,AMZN,275.0393,726
2026-01-02T09:32:55,META,596.0405,89
2026-01-02T09:32:55,GOOGL,383.8815,253
2026-01-02T09:32:55,SPY,748.0049,684
2026-01-02T09:32:55,QQQ,701.2099,92
2026-01-02T09:32:56,AAPL,290.1931,513
2026-01-02T09:32:56,MSFT,397.4068,718
2026-01-02T09:32:56,NVDA,197.2609,328
2026-01-02T09:32:56,TSLA,245.5713,367
2026-01-02T09:32:56,AMD,160.9635,126
2026-01-02T09:32:56,AMZN,274.8180,332
2026-01-02T09:32:56,META,596.0903,567
2026-01-02T09:32:56,GOOGL,384.8097,88
2026-01-02T09:32:56,SPY,747.3433,802
2026-01-02T09:32:56,QQQ,700.3211,253
2026-01-02T09:32:57,AAPL,290.6364,335
2026-01-02T09:32:57,MSFT,396.8454,572
2026-01-02T09:32:57,NVDA,197.1518,872
2026-01-02T09:32:57,TSLA,245.6788,715
2026-01-02T09:32:57,AMD,160.7996,243
2026-01-02T09:32:57,AMZN,274.8243,238
2026-01-02T09:32:57,META,595.9357,156
2026-01-02T09:32:57,GOOGL,383.7496,824
2026-01-02T09:32:57,SPY,747.1235,467
2026-01-02T09:32:57,QQQ,701.5346,157
2026-01-02T09:32:58,AAPL,290.0199,891
2026-01-02T09:32:58,MSFT,397.4288,201
2026-01-02T09:32:58,NVDA,197.1206,529
2026-01-02T09:32:58,TSLA,245.4232,835
2026-01-02T09:32:58,AMD,161.0250,363
2026-01-02T09:32:58,AMZN,275.1907,372
2026-01-02T09:32:58,META,596.1387,617
2026-01-02T09:32:58,GOOGL,384.1144,302
2026-01-02T09:32:58,SPY,746.1032,491
2026-01-02T09:32:58,QQQ,699.9879,664
2026-01-02T09:32:59,AAPL,290.3168,807
2026-01-02T09:32:59,MSFT,396.8595,806
2026-01-02T09:32:59,NVDA,197.5247,842
2026-01-02T09:32:59,TSLA,245.4822,412
2026-01-02T09:32:59,AMD,160.6924,113
2026-01-02T09:32:59,AMZN,275.2308,808
2026-01-02T09:32:59,META,595.0137,294
2026-01-02T09:32:59,GOOGL,383.8079,659
2026-01-02T09:32:59,SPY,747.6706,744
2026-01-02T09:32:59,QQQ,700.3974,184
2026-01-02T09:32:00,AAPL,290.4363,214
2026-01-02T09:32:00,MSFT,397.5888,685
2026-01-02T09:32:00,NVDA,197.3205,494
2026-01-02T09:32:00,TSLA,245.6965,316
2026-01-02T09:32:00,AMD,161.0636,753
2026-01-02T09:32:00,AMZN,275.2082,106
2026-01-02T09:32:00,META,596.4034,103
2026-01-02T09:32:00,GOOGL,384.1220,622
2026-01-02T09:32:00,SPY,746.1074,812
2026-01-02T09:32:00,QQQ,700.5412,174
2026-01-02T09:32:01,AAPL,290.4283,676
2026-01-02T09:32:01,MSFT,396.9645,181
2026-01-02T09:32:01,NVDA,197.1082,638
2026-01-02T09:32:01,TSLA,245.6053,507
2026-01-02T09:32:01,AMD,160.6982,804
2026-01-02T09:32:01,AMZN,275.2606,94
2026-01-02T09:32:01,META,595.5425,404
2026-01-02T09:32:01,GOOGL,384.6376,596
2026-01-02T09:32:01,SPY,746.6684,343
2026-01-02T09:32:01,QQQ,701.2839,580
2026-01-02T09:32:02,AAPL,290.6307,510
2026-01-02T09:32:02,MSFT,396.7860,93
2026-01-02T09:32:02,NVDA,197.3731,336
2026-01-02T09:32:02,TSLA,245.3798,674
2026-01-02T09:32:02,AMD,160.9803,422
2026-01-02T09:32:02,AMZN,275.2365,441
2026-01-02T09:32:02,META,595.4180,588
2026-01-02T09:32:02,GOOGL,384.4417,407
2026-01-02T09:32:02,SPY,747.6483,86
2026-01-02T09:32:02,QQQ,700.2897,463
2026-01-02T09:32:03,AAPL,290.0845,637
2026-01-02T09:32:03,MSFT,396.8272,829
2026-01-02T09:32:03,NVDA,197.4069,260
2026-01-02T09:32:03,TSLA,245.4903,832
2026-01-02T09:32:03,AMD,160.7134,675
2026-01-02T09:32:03,AMZN,275.4447,752
2026-01-02T09:32:03,META,595.0701,84
2026-01-02T09:32:03,GOOGL,384.3599,114
2026-01-02T09:32:03,SPY,747.6505,698
2026-01-02T09:32:03,QQQ,699.6251,865
2026-01-02T09:32:04,AAPL,290.4166,553
2026-01-02T09:32:04,MSFT,397.0369,330
2026-01-02T09:32:04,NVDA,197.2983,800
2026-01-02T09:32:04,TSLA,245.7245,264
2026-01-02T09:32:04,AMD,160.6065,481
2026-01-02T09:32:04,AMZN,275.1379,876
2026-01-02T09:32:04,META,595.5846,279
2026-01-02T09:32:04,GOOGL,384.7208,588
2026-01-02T09:32:04,SPY,745.7943,896
2026-01-02T09:32:04,QQQ,701.1169,877
2026-01-02T09:32:05,AAPL,290.8905,84
2026-01-02T09:32:05,MSFT,397.0855,844
2026-01-02T09:32:05,NVDA,197.1934,480
2026-01-02T09:32:05,TSLA,245.3451,478
2026-01-02T09:32:05,AMD,160.9025,883
2026-01-02T09:32:05,AMZN,275.1641,466
2026-01-02T09:32:05,META,595.1954,496
2026-01-02T09:32:05,GOOGL,384.4096,720
2026-01-02T09:32:05,SPY,747.3350,144
2026-01-02T09:32:05,QQQ,699.5901,584
2026-01-02T09:32:06,AAPL,290.8879,344
2026-01-02T09:32:06,MSFT,397.6730,227
2026-01-02T09:32:06,NVDA,197.6223,671
2026-01-02T09:32:06,TSLA,245.7646,673
2026-01-02T09:32:06,AMD,160.9354,242
2026-01-02T09:32:06,AMZN,275.1181,401
2026-01-02T09:32:06,META,595.2998,339
2026-01-02T09:32:06,GOOGL,384.3178,237
2026-01-02T09:32:06,SPY,745.9857,256
2026-01-02T09:32:06,QQQ,700.5460,216
2026-01-02T09:32:07,AAPL,290.2291,754
2026-01-02T09:32:07,MSFT,397.0572,567
2026-01-02T09:32:07,NVDA,197.3945,324
2026-01-02T09:32:07,TSLA,245.6936,703
2026-01-02T09:32:07,AMD,160.7452,80
2026-01-02T09:32:07,AMZN,275.1085,259
2026-01-02T09:32:07,META,595.3400,520
2026-01-02T09:32:07,GOOGL,384.5642,767
2026-01-02T09:32:07,SPY,746.5111,511
2026-01-02T09:32:07,QQQ,700.5960,693
2026-01-02T09:32:08,AAPL,290.3569,404
2026-01-02T09:32:08,MSFT,396.9303,790
2026-01-02T09:32:08,NVDA,197.2676,314
2026-01-02T09:32:08,TSLA,245.3257,175
2026-01-02T09:32:08,AMD,160.8776,228
2026-01-02T09:32:08,AMZN,275.2737,596
2026-01-02T09:32:08,META,595.1982,561
2026-01-02T09:32:08,GOOGL,384.5635,432
2026-01-02T09:32:08,SPY,747.3914,622
2026-01-02T09:32:08,QQQ,699.9217,501
2026-01-02T09:32:09,AAPL,290.1088,517
2026-01-02T09:32:09,MSFT,397.2680,768
2026-01-02T09:32:09,NVDA,197.3693,372
2026-01-02T09:32:09,TSLA,245.2932,728
2026-01-02T09:32:09,AMD,160.5800,554
2026-01-02T09:32:09,AMZN,274.8797,744
2026-01-02T09:32:09,META,595.6844,727
2026-01-02T09:32:09,GOOGL,383.7103,278
2026-01-02T09:32:09,SPY,746.5918,445
2026-01-02T09:32:09,QQQ,699.9795,578
2026-01-02T09:32:10,AAPL,290.7325,473
2026-01-02T09:32:10,MSFT,397.7628,278
2026-01-02T09:32:10,NVDA,197.2669,877
2026-01-02T09:32:10,TSLA,245.7750,733
2026-01-02T09:32:10,AMD,160.5809,225
2026-01-02T09:32:10,AMZN,275.1537,121
2026-01-02T09:32:10,META,595.2327,141
2026-01-02T09:32:10,GOOGL,383.9268,510
2026-01-02T09:32:10,SPY,746.9750,825
2026-01-02T09:32:10,QQQ,699.9549,342
2026-01-02T09:32:11,AAPL,290.1213,83
2026-01-02T09:32:11,MSFT,397.3507,549
2026-01-02T09:32:11,NVDA,197.6209,832
2026-01-02T09:32:11,TSLA,245.4968,662
2026-01-02T09:32:11,AMD,160.5515,606
2026-01-02T09:32:11,AMZN,275.5687,324
2026-01-02T09:32:11,META,595.9638,344
2026-01-02T09:32:11,GOOGL,383.6993,143
2026-01-02T09:32:11,SPY,746.2945,138
2026-01-02T09:32:11,QQQ,699.6274,494
2026-01-02T09:32:12,AAPL,290.7627,163
2026-01-02T09:32:12,MSFT,396.8478,794
2026-01-02T09:32:12,NVDA,197.3768,882
2026-01-02T09:32:12,TSLA,245.7717,492
2026-01-02T09:32:12,AMD,160.5358,471
2026-01-02T09:32:12,AMZN,275.3458,168
2026-01-02T09:32:12,META,596.7484,415
2026-01-02T09:32:12,GOOGL,384.5421,286
2026-01-02T09:32:12,SPY,746.9254,477
2026-01-02T09:32:12,QQQ,699.5438,792
2026-01-02T09:32:13,AAPL,290.2017,369
2026-01-02T09:32:13,MSFT,397.5173,724
2026-01-02T09:32:13,NVDA,197.1889,324
2026-01-02T09:32:13,TSLA,245.5162,712
2026-01-02T09:32:13,AMD,160.5792,477
2026-01-02T09:32:13,AMZN,275.5734,623
2026-01-02T09:32:13,META,595.6228,147
2026-01-02T09:32:13,GOOGL,383.7852,239
2026-01-02T09:32:13,SPY,745.7502,129
2026-01-02T09:32:13,QQQ,699.3925,134
2026-01-02T09:32:14,AAPL,290.1280,96
2026-01-02T09:32:14,MSFT,397.4214,760
2026-01-02T09:32:14,NVDA,197.4607,825
2026-01-02T09:32:14,TSLA,245.4193,779
2026-01-02T09:32:14,AMD,160.7432,352
2026-01-02T09:32:14,AMZN,275.3991,769
2026-01-02T09:32:14,META,596.6787,567
2026-01-02T09:32:14,GOOGL,383.7789,889
2026-01-02T09:32:14,SPY,746.8996,114
2026-01-02T09:32:14,QQQ,699.1259,393
2026-01-02T09:32:15,AAPL,290.8288,228
2026-01-02T09:32:15,MSFT,397.1816,125
2026-01-02T09:32:15,NVDA,197.7541,900
2026-01-02T09:32:15,TSLA,245.9828,580
2026-01-02T09:32:15,AMD,160.9402,729
2026-01-02T09:32:15,AMZN,275.6976,851
2026-01-02T09:32:15,META,595.8585,396
2026-01-02T09:32:15,GOOGL,384.3913,94
2026-01-02T09:32:15,SPY,746.0788,352
2026-01-02T09:32:15,QQQ,700.4606,846
2026-01-02T09:32:16,AAPL,290.5182,93
2026-01-02T09:32:16,MSFT,396.8826,722
2026-01-02T09:32:16,NVDA,197.3056,198
2026-01-02T09:32:16,TSLA,245.8715,467
2026-01-02T09:32:16,AMD,160.8793,238
2026-01-02T09:32:16,AMZN,275.0853,612
2026-01-02T09:32:16,META,595.6644,478
2026-01-02T09:32:16,GOOGL,384.2770,193
2026-01-02T09:32:16,SPY,745.9781,801
2026-01-02T09:32:16,QQQ,700.9171,682
2026-01-02T09:32:17,AAPL,290.5032,674
2026-01-02T09:32:17,MSFT,397.0787,410
2026-01-02T09:32:17,NVDA,197.2455,306
2026-01-02T09:32:17,TSLA,245.4696,831
2026-01-02T09:32:17,AMD,160.8586,187
2026-01-02T09:32:17,AMZN,275.0616,668
2026-01-02T09:32:17,META,596.7323,235
2026-01-02T09:32:17,GOOGL,383.6993,602
2026-01-02T09:32:17,SPY,747.3146,870
2026-01-02T09:32:17,QQQ,699.7429,875
2026-01-02T09:32:18,AAPL,291.0219,230
2026-01-02T09:32:18,MSFT,396.8796,353
2026-01-02T09:32:18,NVDA,197.3893,386
2026-01-02T09:32:18,TSLA,245.6171,456
2026-01-02T09:32:18,AMD,160.5446,874
2026-01-02T09:32:18,AMZN,275.4055,782
2026-01-02T09:32:18,META,596.5706,424
2026-01-02T09:32:18,GOOGL,384.0037,615
2026-01-02T09:32:18,SPY,747.1331,369
2026-01-02T09:32:18,QQQ,700.8444,301
2026-01-02T09:32:19,AAPL,290.4917,403
2026-01-02T09:32:19,MSFT,397.0311,613
2026-01-02T09:32:19,NVDA,197.2675,491
2026-01-02T09:32:19,TSLA,246.0181,218
2026-01-02T09:32:19,AMD,160.8939,812
2026-01-02T09:32:19,AMZN,275.3361,769
2026-01-02T09:32:19,META,596.1943,208
2026-01-02T09:32:19,GOOGL,383.4503,610
2026-01-02T09:32:19,SPY,745.9974,480
2026-01-02T09:32:19,QQQ,700.5963,787
2026-01-02T09:32:20,AAPL,290.8703,609
2026-01-02T09:32:20,MSFT,397.0204,488
2026-01-02T09:32:20,NVDA,197.7743,619
2026-01-02T09:32:20,TSLA,245.6528,182
2026-01-02T09:32:20,AMD,160.5161,433
2026-01-02T09:32:20,AMZN,275.3721,420
2026-01-02T09:32:20,META,595.2606,183
2026-01-02T09:32:20,GOOGL,384.1073,416
2026-01-02T09:32:20,SPY,746.7125,95
2026-01-02T09:32:20,QQQ,700.1962,475
2026-01-02T09:32:21,AAPL,290.4493,692
2026-01-02T09:32:21,MSFT,397.7165,281
2026-01-02T09:32:21,NVDA,197.7605,715
2026-01-02T09:32:21,TSLA,245.4884,591
2026-01-02T09:32:21,AMD,160.4873,737
2026-01-02T09:32:21,AMZN,275.7372,165
2026-01-02T09:32:21,META,596.0125,284
2026-01-02T09:32:21,GOOGL,384.2197,760
2026-01-02T09:32:21,SPY,745.4597,273
2026-01-02T09:32:21,QQQ,700.7133,444
2026-01-02T09:32:22,AAPL,290.5158,136
2026-01-02T09:32:22,MSFT,397.4249,155
2026-01-02T09:32:22,NVDA,197.3658,835
2026-01-02T09:32:22,TSLA,246.0081,848
2026-01-02T09:32:22,AMD,160.5206,281
2026-01-02T09:32:22,AMZN,275.7646,702
2026-01-02T09:32:22,META,596.4728,522
2026-01-02T09:32:22,GOOGL,384.1673,592
2026-01-02T09:32:22,SPY,746.4702,529
2026-01-02T09:32:22,QQQ,700.3136,760
2026-01-02T09:32:23,AAPL,290.6574,723
2026-01-02T09:32:23,MSFT,397.3238,776
2026-01-02T09:32:23,NVDA,197.2597,357
2026-01-02T09:32:23,TSLA,245.4321,289
2026-01-02T09:32:23,AMD,160.8408,867
2026-01-02T09:32:23,AMZN,275.7374,644
2026-01-02T09:32:23,META,596.4587,650
2026-01-02T09:32:23,GOOGL,383.4536,586
2026-01-02T09:32:23,SPY,745.2005,672
2026-01-02T09:32:23,QQQ,699.0152,695
2026-01-02T09:32:24,AAPL,290.4576,445
2026-01-02T09:32:24,MSFT,397.5240,696
2026-01-02T09:32:24,NVDA,197.8302,188
2026-01-02T09:32:24,TSLA,245.5030,467
2026-01-02T09:32:24,AMD,160.4827,593
2026-01-02T09:32:24,AMZN,275.7165,680
