timestamp,symbol,price,volume
2026-01-02T09:30:00,AAPL,283.7179,445
2026-01-02T09:30:00,MSFT,402.2175,822
2026-01-02T09:30:00,NVDA,194.2166,318
2026-01-02T09:30:00,TSLA,250.8597,239
2026-01-02T09:30:00,AMD,160.2005,279
2026-01-02T09:30:00,AMZN,270.8836,83
2026-01-02T09:30:00,META,614.7818,731
2026-01-02T09:30:00,GOOGL,382.9119,270
2026-01-02T09:30:00,SPY,725.1707,869
2026-01-02T09:30:00,QQQ,674.5820,97
2026-01-02T09:30:01,AAPL,283.4438,391
2026-01-02T09:30:01,MSFT,403.1582,663
2026-01-02T09:30:01,NVDA,194.4166,557
2026-01-02T09:30:01,TSLA,250.9179,535
2026-01-02T09:30:01,AMD,160.5414,582
2026-01-02T09:30:01,AMZN,270.4418,357
2026-01-02T09:30:01,META,615.4642,142
2026-01-02T09:30:01,GOOGL,383.7795,135
2026-01-02T09:30:01,SPY,724.2272,296
2026-01-02T09:30:01,QQQ,675.9195,529
2026-01-02T09:30:02,AAPL,283.2465,777
2026-01-02T09:30:02,MSFT,402.5633,794
2026-01-02T09:30:02,NVDA,194.2611,324
2026-01-02T09:30:02,TSLA,250.8564,428
2026-01-02T09:30:02,AMD,160.5679,806
2026-01-02T09:30:02,AMZN,270.4002,830
2026-01-02T09:30:02,META,615.2666,716
2026-01-02T09:30:02,GOOGL,383.3704,636
2026-01-02T09:30:02,SPY,725.1020,619
2026-01-02T09:30:02,QQQ,675.4494,442
2026-01-02T09:30:03,AAPL,283.4532,795
2026-01-02T09:30:03,MSFT,402.5886,729
2026-01-02T09:30:03,NVDA,194.5735,316
2026-01-02T09:30:03,TSLA,250.9770,572
2026-01-02T09:30:03,AMD,160.4049,563
2026-01-02T09:30:03,AMZN,270.2670,681
2026-01-02T09:30:03,META,613.6714,444
2026-01-02T09:30:03,GOOGL,383.8359,677
2026-01-02T09:30:03,SPY,725.1788,322
2026-01-02T09:30:03,QQQ,676.1449,121
2026-01-02T09:30:04,AAPL,283.9618,172
2026-01-02T09:30:04,MSFT,402.3724,608
2026-01-02T09:30:04,NVDA,194.6568,446
2026-01-02T09:30:04,TSLA,250.4196,478
2026-01-02T09:30:04,AMD,160.2453,565
2026-01-02T09:30:04,AMZN,270.4285,818
2026-01-02T09:30:04,META,613.6383,569
2026-01-02T09:30:04,GOOGL,383.0132,392
2026-01-02T09:30:04,SPY,725.0789,777
2026-01-02T09:30:04,QQQ,676.1433,114
2026-01-02T09:30:05,AAPL,283.4508,190
2026-01-02T09:30:05,MSFT,402.3346,244
2026-01-02T09:30:05,NVDA,194.7028,665
2026-01-02T09:30:05,TSLA,250.9030,655
2026-01-02T09:30:05,AMD,160.3957,449
2026-01-02T09:30:05,AMZN,270.9617,703
2026-01-02T09:30:05,META,614.9251,836
2026-01-02T09:30:05,GOOGL,383.9318,303
2026-01-02T09:30:05,SPY,725.2241,463
2026-01-02T09:30:05,QQQ,675.0839,548
2026-01-02T09:30:06,AAPL,283.5227,505
2026-01-02T09:30:06,MSFT,402.9242,701
2026-01-02T09:30:06,NVDA,194.4090,548
2026-01-02T09:30:06,TSLA,250.7464,565
2026-01-02T09:30:06,AMD,160.5163,625
2026-01-02T09:30:06,AMZN,270.8755,687
2026-01-02T09:30:06,META,613.8539,524
2026-01-02T09:30:06,GOOGL,382.9660,256
2026-01-02T09:30:06,SPY,723.5773,613
2026-01-02T09:30:06,QQQ,674.4918,126
2026-01-02T09:30:07,AAPL,283.4693,399
2026-01-02T09:30:07,MSFT,402.9557,746
2026-01-02T09:30:07,NVDA,194.2732,258
2026-01-02T09:30:07,TSLA,250.6423,662
2026-01-02T09:30:07,AMD,160.3403,204
2026-01-02T09:30:07,AMZN,270.7701,561
2026-01-02T09:30:07,META,614.5411,776
2026-01-02T09:30:07,GOOGL,383.1639,390
2026-01-02T09:30:07,SPY,725.4799,613
2026-01-02T09:30:07,QQQ,676.4938,404
2026-01-02T09:30:08,AAPL,283.7942,648
2026-01-02T09:30:08,MSFT,402.9180,516
2026-01-02T09:30:08,NVDA,194.5777,514
2026-01-02T09:30:08,TSLA,250.5018,725
2026-01-02T09:30:08,AMD,160.2671,706
2026-01-02T09:30:08,AMZN,271.0162,671
2026-01-02T09:30:08,META,615.3751,158
2026-01-02T09:30:08,GOOGL,383.0892,95
2026-01-02T09:30:08,SPY,724.5034,678
2026-01-02T09:30:08,QQQ,675.8739,832
2026-01-02T09:30:09,AAPL,283.4270,301
2026-01-02T09:30:09,MSFT,402.9347,298
2026-01-02T09:30:09,NVDA,194.1835,123
2026-01-02T09:30:09,TSLA,250.3890,534
2026-01-02T09:30:09,AMD,160.5062,789
2026-01-02T09:30:09,AMZN,270.5929,92
2026-01-02T09:30:09,META,614.2846,458
2026-01-02T09:30:09,GOOGL,383.0680,531
2026-01-02T09:30:09,SPY,725.4030,350
2026-01-02T09:30:09,QQQ,675.1593,730
2026-01-02T09:30:10,AAPL,283.3799,118
2026-01-02T09:30:10,MSFT,402.6105,272
2026-01-02T09:30:10,NVDA,194.4115,87
2026-01-02T09:30:10,TSLA,250.9741,864
2026-01-02T09:30:10,AMD,160.3296,600
2026-01-02T09:30:10,AMZN,270.3236,543
2026-01-02T09:30:10,META,615.0613,756
2026-01-02T09:30:10,GOOGL,383.1147,727
2026-01-02T09:30:10,SPY,725.6753,316
2026-01-02T09:30:10,QQQ,674.9724,756
2026-01-02T09:30:11,AAPL,283.6422,362
2026-01-02T09:30:11,MSFT,402.4265,296
2026-01-02T09:30:11,NVDA,194.3027,366
2026-01-02T09:30:11,TSLA,250.8078,824
2026-01-02T09:30:11,AMD,160.6212,485
2026-01-02T09:30:11,AMZN,270.3110,259
2026-01-02T09:30:11,META,613.9852,123
2026-01-02T09:30:11,GOOGL,384.0080,720
2026-01-02T09:30:11,SPY,724.3864,202
2026-01-02T09:30:11,QQQ,674.6083,410
2026-01-02T09:30:12,AAPL,283.8006,98
2026-01-02T09:30:12,MSFT,402.4585,852
2026-01-02T09:30:12,NVDA,194.6516,654
2026-01-02T09:30:12,TSLA,250.9720,863
2026-01-02T09:30:12,AMD,160.4933,116
2026-01-02T09:30:12,AMZN,270.5498,718
2026-01-02T09:30:12,META,614.0324,126
2026-01-02T09:30:12,GOOGL,383.8243,297
2026-01-02T09:30:12,SPY,725.0792,318
2026-01-02T09:30:12,QQQ,675.7641,209
2026-01-02T09:30:13,AAPL,283.1049,779
2026-01-02T09:30:13,MSFT,403.1662,283
2026-01-02T09:30:13,NVDA,194.5835,243
2026-01-02T09:30:13,TSLA,250.8404,283
2026-01-02T09:30:13,AMD,160.2062,289
2026-01-02T09:30:13,AMZN,270.3709,753
2026-01-02T09:30:13,META,614.9291,217
2026-01-02T09:30:13,GOOGL,383.6867,203
2026-01-02T09:30:13,SPY,723.9658,828
2026-01-02T09:30:13,QQQ,675.2441,413
2026-01-02T09:30:14,AAPL,283.7245,640
2026-01-02T09:30:14,MSFT,402.2287,683
2026-01-02T09:30:14,NVDA,194.2462,112
2026-01-02T09:30:14,TSLA,250.7645,717
2026-01-02T09:30:14,AMD,160.2235,431
2026-01-02T09:30:14,AMZN,270.7703,228
2026-01-02T09:30:14,META,614.8807,400
2026-01-02T09:30:14,GOOGL,383.7708,348
2026-01-02T09:30:14,SPY,724.7541,165
2026-01-02T09:30:14,QQQ,674.7040,843
2026-01-02T09:30:15,AAPL,283.4615,169
2026-01-02T09:30:15,MSFT,403.0056,427
2026-01-02T09:30:15,NVDA,194.2786,413
2026-01-02T09:30:15,TSLA,250.8200,304
2026-01-02T09:30:15,AMD,160.3775,795
2026-01-02T09:30:15,AMZN,270.6692,280
2026-01-02T09:30:15,META,613.6632,96
2026-01-02T09:30:15,GOOGL,383.4430,262
2026-01-02T09:30:15,SPY,724.8053,208
2026-01-02T09:30:15,QQQ,675.3986,141
2026-01-02T09:30:16,AAPL,283.1616,358
2026-01-02T09:30:16,MSFT,402.3777,895
2026-01-02T09:30:16,NVDA,194.3571,529
2026-01-02T09:30:16,TSLA,250.7996,508
2026-01-02T09:30:16,AMD,160.2550,767
2026-01-02T09:30:16,AMZN,270.2220,486
2026-01-02T09:30:16,META,614.4184,379
2026-01-02T09:30:16,GOOGL,383.3578,480
2026-01-02T09:30:16,SPY,724.3020,594
2026-01-02T09:30:16,QQQ,675.9147,641
2026-01-02T09:30:17,AAPL,283.8667,461
2026-01-02T09:30:17,MSFT,403.1649,127
2026-01-02T09:30:17,NVDA,194.6086,594
2026-01-02T09:30:17,TSLA,250.5895,125
2026-01-02T09:30:17,AMD,160.3592,622
2026-01-02T09:30:17,AMZN,270.8002,210
2026-01-02T09:30:17,META,615.0301,356
2026-01-02T09:30:17,GOOGL,383.7067,195
2026-01-02T09:30:17,SPY,724.7368,656
2026-01-02T09:30:17,QQQ,676.0049,398
2026-01-02T09:30:18,AAPL,283.8776,848
2026-01-02T09:30:18,MSFT,402.6227,355
2026-01-02T09:30:18,NVDA,194.4154,815
2026-01-02T09:30:18,TSLA,250.9361,527
2026-01-02T09:30:18,AMD,160.6078,780
2026-01-02T09:30:18,AMZN,270.9034,453
2026-01-02T09:30:18,META,614.0531,378
2026-01-02T09:30:18,GOOGL,383.7074,570
2026-01-02T09:30:18,SPY,724.5007,886
2026-01-02T09:30:18,QQQ,675.1922,488
2026-01-02T09:30:19,AAPL,283.0981,781
2026-01-02T09:30:19,MSFT,402.8963,661
2026-01-02T09:30:19,NVDA,194.5243,205
2026-01-02T09:30:19,TSLA,250.6691,487
2026-01-02T09:30:19,AMD,160.3285,420
2026-01-02T09:30:19,AMZN,270.8217,184
2026-01-02T09:30:19,META,613.9493,431
2026-01-02T09:30:19,GOOGL,383.7682,810
2026-01-02T09:30:19,SPY,725.1313,563
2026-01-02T09:30:19,QQQ,675.4110,107
2026-01-02T09:30:20,AAPL,283.7006,158
2026-01-02T09:30:20,MSFT,402.0081,756
2026-01-02T09:30:20,NVDA,194.1497,346
2026-01-02T09:30:20,TSLA,250.8778,812
2026-01-02T09:30:20,AMD,160.5409,570
2026-01-02T09:30:20,AMZN,270.5244,476
2026-01-02T09:30:20,META,613.8314,548
2026-01-02T09:30:20,GOOGL,383.4440,249
2026-01-02T09:30:20,SPY,724.7510,314
2026-01-02T09:30:20,QQQ,675.1883,706
2026-01-02T09:30:21,AAPL,283.8181,859
2026-01-02T09:30:21,MSFT,402.6752,392
2026-01-02T09:30:21,NVDA,194.5564,177
2026-01-02T09:30:21,TSLA,250.7580,559
2026-01-02T09:30:21,AMD,160.6008,196
2026-01-02T09:30:21,AMZN,270.4041,851
2026-01-02T09:30:21,META,613.6407,545
2026-01-02T09:30:21,GOOGL,383.2280,566
2026-01-02T09:30:21,SPY,724.0097,180
2026-01-02T09:30:21,QQQ,676.6521,867
2026-01-02T09:30:22,AAPL,283.4577,771
2026-01-02T09:30:22,MSFT,402.2170,209
2026-01-02T09:30:22,NVDA,194.2123,752
2026-01-02T09:30:22,TSLA,250.7152,485
2026-01-02T09:30:22,AMD,160.4990,705
2026-01-02T09:30:22,AMZN,270.8056,198
2026-01-02T09:30:22,META,613.4602,162
2026-01-02T09:30:22,GOOGL,384.0843,609
2026-01-02T09:30:22,SPY,725.8099,135
2026-01-02T09:30:22,QQQ,676.2352,156
2026-01-02T09:30:23,AAPL,283.4619,491
2026-01-02T09:30:23,MSFT,403.0120,267
2026-01-02T09:30:23,NVDA,194.4753,617
2026-01-02T09:30:23,TSLA,250.4543,430
2026-01-02T09:30:23,AMD,160.4669,742
2026-01-02T09:30:23,AMZN,270.7716,533
2026-01-02T09:30:23,META,615.0450,307
2026-01-02T09:30:23,GOOGL,384.1824,262
2026-01-02T09:30:23,SPY,724.9632,420
2026-01-02T09:30:23,QQQ,675.2019,783
2026-01-02T09:30:24,AAPL,283.6224,661
2026-01-02T09:30:24,MSFT,402.0023,675
2026-01-02T09:30:24,NVDA,194.5591,529
2026-01-02T09:30:24,TSLA,250.4192,298
2026-01-02T09:30:24,AMD,160.2755,613
2026-01-02T09:30:24,AMZN,270.7197,190
2026-01-02T09:30:24,META,614.4278,207
2026-01-02T09:30:24,GOOGL,384.2619,83
2026-01-02T09:30:24,SPY,725.8105,604
2026-01-02T09:30:24,QQQ,676.7036,648
2026-01-02T09:30:25,AAPL,283.7013,465
2026-01-02T09:30:25,MSFT,401.9252,399
2026-01-02T09:30:25,NVDA,194.2647,689
2026-01-02T09:30:25,TSLA,250.6596,484
2026-01-02T09:30:25,AMD,160.3982,522
2026-01-02T09:30:25,AMZN,270.6202,399
2026-01-02T09:30:25,META,614.7802,281
2026-01-02T09:30:25,GOOGL,383.4559,708
2026-01-02T09:30:25,SPY,725.7298,311
2026-01-02T09:30:25,QQQ,675.3466,264
2026-01-02T09:30:26,AAPL,283.6685,753
2026-01-02T09:30:26,MSFT,402.0891,776
2026-01-02T09:30:26,NVDA,194.4708,639
2026-01-02T09:30:26,TSLA,250.5802,112
2026-01-02T09:30:26,AMD,160.5232,233
2026-01-02T09:30:26,AMZN,270.0746,428
2026-01-02T09:30:26,META,614.5906,856
2026-01-02T09:30:26,GOOGL,384.1448,515
2026-01-02T09:30:26,SPY,724.1289,678
2026-01-02T09:30:26,QQQ,676.0444,752
2026-01-02T09:30:27,AAPL,283.2488,782
2026-01-02T09:30:27,MSFT,402.0162,618
2026-01-02T09:30:27,NVDA,194.0065,114
2026-01-02T09:30:27,TSLA,250.1730,372
2026-01-02T09:30:27,AMD,160.6011,593
2026-01-02T09:30:27,AMZN,270.5712,134
2026-01-02T09:30:27,META,613.4303,393
2026-01-02T09:30:27,GOOGL,383.5978,88
2026-01-02T09:30:27,SPY,724.1596,194
2026-01-02T09:30:27,QQQ,675.0403,93
2026-01-02T09:30:28,AAPL,283.0811,436
2026-01-02T09:30:28,MSFT,402.9571,768
2026-01-02T09:30:28,NVDA,194.0722,412
2026-01-02T09:30:28,TSLA,250.8235,633
2026-01-02T09:30:28,AMD,160.2484,301
2026-01-02T09:30:28,AMZN,270.5333,886
2026-01-02T09:30:28,META,613.4119,370
2026-01-02T09:30:28,GOOGL,383.8351,572
2026-01-02T09:30:28,SPY,724.9935,446
2026-01-02T09:30:28,QQQ,675.6238,795
2026-01-02T09:30:29,AAPL,283.6903,714
2026-01-02T09:30:29,MSFT,402.8500,798
2026-01-02T09:30:29,NVDA,194.1618,160
2026-01-02T09:30:29,TSLA,250.5308,416
2026-01-02T09:30:29,AMD,160.4502,256
2026-01-02T09:30:29,AMZN,270.3230,679
2026-01-02T09:30:29,META,613.8128,534
2026-01-02T09:30:29,GOOGL,383.5024,558
2026-01-02T09:30:29,SPY,724.6446,435
2026-01-02T09:30:29,QQQ,675.0258,691
2026-01-02T09:30:30,AAPL,283.0624,468
2026-01-02T09:30:30,MSFT,402.4848,199
2026-01-02T09:30:30,NVDA,194.0285,864
2026-01-02T09:30:30,TSLA,250.7676,375
2026-01-02T09:30:30,AMD,160.4527,594
2026-01-02T09:30:30,AMZN,270.3597,677
2026-01-02T09:30:30,META,614.5675,125
2026-01-02T09:30:30,GOOGL,383.5463,798
2026-01-02T09:30:30,SPY,725.7747,309
2026-01-02T09:30:30,QQQ,675.4034,492
2026-01-02T09:30:31,AAPL,283.7141,767
2026-01-02T09:30:31,MSFT,402.3583,442
2026-01-02T09:30:31,NVDA,194.3893,254
2026-01-02T09:30:31,TSLA,250.1944,866
2026-01-02T09:30:31,AMD,160.6319,589
2026-01-02T09:30:31,AMZN,270.1999,611
2026-01-02T09:30:31,META,613.4714,691
2026-01-02T09:30:31,GOOGL,383.5809,447
2026-01-02T09:30:31,SPY,724.5249,562
2026-01-02T09:30:31,QQQ,675.6819,756
2026-01-02T09:30:32,AAPL,283.4126,793
2026-01-02T09:30:32,MSFT,402.2037,769
2026-01-02T09:30:32,NVDA,194.3161,367
2026-01-02T09:30:32,TSLA,250.6226,482
2026-01-02T09:30:32,AMD,160.2976,379
2026-01-02T09:30:32,AMZN,270.7412,488
2026-01-02T09:30:32,META,613.7110,515
2026-01-02T09:30:32,GOOGL,383.6469,480
2026-01-02T09:30:32,SPY,726.0235,106
2026-01-02T09:30:32,QQQ,676.4260,731
2026-01-02T09:30:33,AAPL,283.4447,416
2026-01-02T09:30:33,MSFT,402.2564,533
2026-01-02T09:30:33,NVDA,194.4217,504
2026-01-02T09:30:33,TSLA,250.4130,207
2026-01-02T09:30:33,AMD,160.6381,649
2026-01-02T09:30:33,AMZN,270.3295,323
2026-01-02T09:30:33,META,614.4458,891
2026-01-02T09:30:33,GOOGL,384.1923,93
2026-01-02T09:30:33,SPY,725.9997,690
2026-01-02T09:30:33,QQQ,675.5941,474
2026-01-02T09:30:34,AAPL,282.9837,583
2026-01-02T09:30:34,MSFT,402.8299,557
2026-01-02T09:30:34,NVDA,194.0375,498
2026-01-02T09:30:34,TSLA,250.7886,629
2026-01-02T09:30:34,AMD,160.4764,105
2026-01-02T09:30:34,AMZN,270.2710,756
2026-01-02T09:30:34,META,614.4768,113
2026-01-02T09:30:34,GOOGL,384.0115,765
2026-01-02T09:30:34,SPY,725.7744,572
2026-01-02T09:30:34,QQQ,676.3421,329
2026-01-02T09:30:35,AAPL,282.8955,187
2026-01-02T09:30:35,MSFT,402.3806,720
2026-01-02T09:30:35,NVDA,193.9965,213
2026-01-02T09:30:35,TSLA,250.7836,774
2026-01-02T09:30:35,AMD,160.7591,251
2026-01-02T09:30:35,AMZN,270.6240,280
2026-01-02T09:30:35,META,613.5051,854
2026-01-02T09:30:35,GOOGL,383.6659,853
2026-01-02T09:30:35,SPY,725.4385,89
2026-01-02T09:30:35,QQQ,676.4456,419
2026-01-02T09:30:36,AAPL,282.9493,487
2026-01-02T09:30:36,MSFT,401.9033,868
2026-01-02T09:30:36,NVDA,194.2501,708
2026-01-02T09:30:36,TSLA,250.8048,243
2026-01-02T09:30:36,AMD,160.5426,85
2026-01-02T09:30:36,AMZN,270.5196,896
2026-01-02T09:30:36,META,614.0775,600
2026-01-02T09:30:36,GOOGL,383.4284,499
2026-01-02T09:30:36,SPY,724.7864,467
2026-01-02T09:30:36,QQQ,675.6389,448
2026-01-02T09:30:37,AAPL,283.4982,314
2026-01-02T09:30:37,MSFT,402.3551,221
2026-01-02T09:30:37,NVDA,194.2530,166
2026-01-02T09:30:37,TSLA,250.6675,107
2026-01-02T09:30:37,AMD,160.4807,661
2026-01-02T09:30:37,AMZN,270.0471,366
2026-01-02T09:30:37,META,612.9742,322
2026-01-02T09:30:37,GOOGL,383.8102,569
2026-01-02T09:30:37,SPY,724.6370,239
2026-01-02T09:30:37,QQQ,676.5093,569
2026-01-02T09:30:38,AAPL,283.0960,199
2026-01-02T09:30:38,MSFT,402.2422,581
2026-01-02T09:30:38,NVDA,194.4718,414
2026-01-02T09:30:38,TSLA,250.4766,800
2026-01-02T09:30:38,AMD,160.7472,414
2026-01-02T09:30:38,AMZN,270.6330,333
2026-01-02T09:30:38,META,613.9206,233
2026-01-02T09:30:38,GOOGL,384.4806,779
2026-01-02T09:30:38,SPY,725.1441,292
2026-01-02T09:30:38,QQQ,677.0600,689
2026-01-02T09:30:39,AAPL,283.1614,142
2026-01-02T09:30:39,MSFT,402.3488,212
2026-01-02T09:30:39,NVDA,194.4513,651
2026-01-02T09:30:39,TSLA,250.0406,158
2026-01-02T09:30:39,AMD,160.3300,393
2026-01-02T09:30:39,AMZN,270.2368,640
2026-01-02T09:30:39,META,613.7587,288
2026-01-02T09:30:39,GOOGL,384.1964,118
2026-01-02T09:30:39,SPY,724.9642,814
2026-01-02T09:30:39,QQQ,676.1234,320
2026-01-02T09:30:40,AAPL,283.5472,637
2026-01-02T09:30:40,MSFT,402.0097,93
2026-01-02T09:30:40,NVDA,194.3499,526
2026-01-02T09:30:40,TSLA,250.2612,179
2026-01-02T09:30:40,AMD,160.7405,735
2026-01-02T09:30:40,AMZN,270.4911,577
2026-01-02T09:30:40,META,612.9678,519
2026-01-02T09:30:40,GOOGL,384.3216,185
2026-01-02T09:30:40,SPY,725.5358,409
2026-01-02T09:30:40,QQQ,676.4743,882
2026-01-02T09:30:41,AAPL,283.5666,852
2026-01-02T09:30:41,MSFT,401.6515,876
2026-01-02T09:30:41,NVDA,194.2344,85
2026-01-02T09:30:41,TSLA,250.3388,867
2026-01-02T09:30:41,AMD,160.6601,887
2026-01-02T09:30:41,AMZN,270.0199,153
2026-01-02T09:30:41,META,613.9857,241
2026-01-02T09:30:41,GOOGL,384.2619,193
2026-01-02T09:30:41,SPY,726.3342,691
2026-01-02T09:30:41,QQQ,676.9635,235
2026-01-02T09:30:42,AAPL,283.3965,479
2026-01-02T09:30:42,MSFT,402.8053,156
2026-01-02T09:30:42,NVDA,194.2759,891
2026-01-02T09:30:42,TSLA,250.6749,138
2026-01-02T09:30:42,AMD,160.5549,728
2026-01-02T09:30:42,AMZN,270.1055,511
2026-01-02T09:30:42,META,613.7298,154
2026-01-02T09:30:42,GOOGL,384.4215,567
2026-01-02T09:30:42,SPY,725.4215,753
2026-01-02T09:30:42,QQQ,675.6405,749
2026-01-02T09:30:43,AAPL,283.0874,116
2026-01-02T09:30:43,MSFT,401.7947,649
2026-01-02T09:30:43,NVDA,194.3034,158
2026-01-02T09:30:43,TSLA,250.2265,183
2026-01-02T09:30:43,AMD,160.4106,470
2026-01-02T09:30:43,AMZN,270.1597,251
2026-01-02T09:30:43,META,614.1204,654
2026-01-02T09:30:43,GOOGL,383.7253,783
2026-01-02T09:30:43,SPY,724.5770,425
2026-01-02T09:30:43,QQQ,675.4080,354
2026-01-02T09:30:44,AAPL,283.5774,369
2026-01-02T09:30:44,MSFT,401.8044,652
2026-01-02T09:30:44,NVDA,194.3107,358
2026-01-02T09:30:44,TSLA,250.5649,898
2026-01-02T09:30:44,AMD,160.4485,396
2026-01-02T09:30:44,AMZN,270.5575,315
2026-01-02T09:30:44,META,614.3942,784
2026-01-02T09:30:44,GOOGL,384.4756,213
2026-01-02T09:30:44,SPY,724.9161,363
2026-01-02T09:30:44,QQQ,676.5376,154
2026-01-02T09:30:45,AAPL,283.5318,120
2026-01-02T09:30:45,MSFT,401.7236,334
2026-01-02T09:30:45,NVDA,194.3509,439
2026-01-02T09:30:45,TSLA,250.7311,267
2026-01-02T09:30:45,AMD,160.3675,85
2026-01-02T09:30:45,AMZN,270.0010,683
2026-01-02T09:30:45,META,613.6955,111
2026-01-02T09:30:45,GOOGL,384.5928,408
2026-01-02T09:30:45,SPY,725.3109,234
2026-01-02T09:30:45,QQQ,677.1739,286
2026-01-02T09:30:46,AAPL,282.8943,424
2026-01-02T09:30:46,MSFT,402.6798,872
2026-01-02T09:30:46,NVDA,194.3626,706
2026-01-02T09:30:46,TSLA,250.5071,188
2026-01-02T09:30:46,AMD,160.7508,137
2026-01-02T09:30:46,AMZN,270.6083,803
2026-01-02T09:30:46,META,613.2674,219
2026-01-02T09:30:46,GOOGL,383.7151,172
2026-01-02T09:30:46,SPY,725.8482,495
2026-01-02T09:30:46,QQQ,675.5168,328
2026-01-02T09:30:47,AAPL,283.1221,194
2026-01-02T09:30:47,MSFT,402.0281,802
2026-01-02T09:30:47,NVDA,193.9266,828
2026-01-02T09:30:47,TSLA,249.9911,244
2026-01-02T09:30:47,AMD,160.4711,526
2026-01-02T09:30:47,AMZN,270.5226,874
2026-01-02T09:30:47,META,614.3570,672
2026-01-02T09:30:47,GOOGL,384.4569,620
2026-01-02T09:30:47,SPY,726.6691,272
2026-01-02T09:30:47,QQQ,677.1220,319
2026-01-02T09:30:48,AAPL,283.0780,749
2026-01-02T09:30:48,MSFT,401.9123,730
2026-01-02T09:30:48,NVDA,194.2659,361
2026-01-02T09:30:48,TSLA,250.3615,219
2026-01-02T09:30:48,AMD,160.7799,564
2026-01-02T09:30:48,AMZN,270.0302,641
2026-01-02T09:30:48,META,614.1469,143
2026-01-02T09:30:48,GOOGL,384.4591,780
2026-01-02T09:30:48,SPY,725.8592,189
2026-01-02T09:30:48,QQQ,677.2648,418
2026-01-02T09:30:49,AAPL,282.7369,718
2026-01-02T09:30:49,MSFT,402.4395,445
2026-01-02T09:30:49,NVDA,194.0678,612
2026-01-02T09:30:49,TSLA,249.9726,605
2026-01-02T09:30:49,AMD,160.8095,180
2026-01-02T09:30:49,AMZN,270.4083,284
2026-01-02T09:30:49,META,614.0794,638
2026-01-02T09:30:49,GOOGL,383.7116,832
2026-01-02T09:30:49,SPY,725.3714,840
2026-01-02T09:30:49,QQQ,675.6468,745
2026-01-02T09:30:50,AAPL,283.4484,692
2026-01-02T09:30:50,MSFT,401.8022,629
2026-01-02T09:30:50,NVDA,193.9528,607
2026-01-02T09:30:50,TSLA,250.5580,503
2026-01-02T09:30:50,AMD,160.5478,750
2026-01-02T09:30:50,AMZN,269.8843,797
2026-01-02T09:30:50,META,614.0942,129
2026-01-02T09:30:50,GOOGL,384.3042,150
2026-01-02T09:30:50,SPY,724.7509,285
2026-01-02T09:30:50,QQQ,676.7150,244
2026-01-02T09:30:51,AAPL,283.2983,160
2026-01-02T09:30:51,MSFT,401.6893,660
2026-01-02T09:30:51,NVDA,194.2048,681
2026-01-02T09:30:51,TSLA,250.4773,147
2026-01-02T09:30:51,AMD,160.6083,537
2026-01-02T09:30:51,AMZN,270.4885,792
2026-01-02T09:30:51,META,613.8440,787
2026-01-02T09:30:51,GOOGL,383.9265,718
2026-01-02T09:30:51,SPY,725.2605,294
2026-01-02T09:30:51,QQQ,675.6263,542
2026-01-02T09:30:52,AAPL,283.0032,386
2026-01-02T09:30:52,MSFT,401.8063,604
2026-01-02T09:30:52,NVDA,194.3843,189
2026-01-02T09:30:52,TSLA,250.5030,551
2026-01-02T09:30:52,AMD,160.3888,578
2026-01-02T09:30:52,AMZN,270.3900,225
2026-01-02T09:30:52,META,614.0795,418
2026-01-02T09:30:52,GOOGL,384.6680,186
2026-01-02T09:30:52,SPY,725.1011,207
2026-01-02T09:30:52,QQQ,677.3646,372
2026-01-02T09:30:53,AAPL,282.7549,600
2026-01-02T09:30:53,MSFT,402.5591,253
2026-01-02T09:30:53,NVDA,193.8216,555
2026-01-02T09:30:53,TSLA,250.0496,575
2026-01-02T09:30:53,AMD,160.4371,497
2026-01-02T09:30:53,AMZN,270.2576,808
2026-01-02T09:30:53,META,613.1189,380
2026-01-02T09:30:53,GOOGL,384.1022,479
2026-01-02T09:30:53,SPY,724.8825,290
2026-01-02T09:30:53,QQQ,677.2982,546
2026-01-02T09:30:54,AAPL,283.0057,661
2026-01-02T09:30:54,MSFT,401.5721,774
2026-01-02T09:30:54,NVDA,194.2912,504
2026-01-02T09:30:54,TSLA,250.2518,689
2026-01-02T09:30:54,AMD,160.5888,318
2026-01-02T09:30:54,AMZN,270.4846,443
2026-01-02T09:30:54,META,614.0467,322
2026-01-02T09:30:54,GOOGL,384.4472,885
2026-01-02T09:30:54,SPY,726.6800,366
2026-01-02T09:30:54,QQQ,677.5033,299
2026-01-02T09:30:55,AAPL,283.2171,449
2026-01-02T09:30:55,MSFT,402.6107,735
2026-01-02T09:30:55,NVDA,194.2421,399
2026-01-02T09:30:55,TSLA,250.4132,541
2026-01-02T09:30:55,AMD,160.4050,224
2026-01-02T09:30:55,AMZN,269.8792,417
2026-01-02T09:30:55,META,614.3586,128
2026-01-02T09:30:55,GOOGL,383.8596,827
2026-01-02T09:30:55,SPY,725.7536,199
2026-01-02T09:30:55,QQQ,677.5758,659
2026-01-02T09:30:56,AAPL,282.8291,647
2026-01-02T09:30:56,MSFT,402.1646,359
2026-01-02T09:30:56,NVDA,194.1742,339
2026-01-02T09:30:56,TSLA,250.5457,435
2026-01-02T09:30:56,AMD,160.5546,838
2026-01-02T09:30:56,AMZN,270.0484,573
2026-01-02T09:30:56,META,612.9848,371
2026-01-02T09:30:56,GOOGL,384.7029,685
2026-01-02T09:30:56,SPY,725.3965,608
2026-01-02T09:30:56,QQQ,676.2692,709
2026-01-02T09:30:57,AAPL,282.7827,294
2026-01-02T09:30:57,MSFT,401.8179,556
2026-01-02T09:30:57,NVDA,194.1797,353
2026-01-02T09:30:57,TSLA,250.4942,396
2026-01-02T09:30:57,AMD,160.4187,223
2026-01-02T09:30:57,AMZN,270.3956,599
2026-01-02T09:30:57,META,613.3134,835
2026-01-02T09:30:57,GOOGL,384.6671,236
2026-01-02T09:30:57,SPY,725.7746,112
2026-01-02T09:30:57,QQQ,677.1158,581
2026-01-02T09:30:58,AAPL,283.1288,87
2026-01-02T09:30:58,MSFT,401.6890,507
2026-01-02T09:30:58,NVDA,194.0541,602
2026-01-02T09:30:58,TSLA,249.8734,704
2026-01-02T09:30:58,AMD,160.8743,681
2026-01-02T09:30:58,AMZN,270.3345,259
2026-01-02T09:30:58,META,614.1277,675
2026-01-02T09:30:58,GOOGL,383.7114,833
2026-01-02T09:30:58,SPY,725.6619,809
2026-01-02T09:30:58,QQQ,675.7649,896
2026-01-02T09:30:59,AAPL,283.1955,758
2026-01-02T09:30:59,MSFT,402.1378,153
2026-01-02T09:30:59,NVDA,194.0735,260
2026-01-02T09:30:59,TSLA,250.2260,718
2026-01-02T09:30:59,AMD,160.8160,404
2026-01-02T09:30:59,AMZN,270.2443,207
2026-01-02T09:30:59,META,613.5770,600
2026-01-02T09:30:59,GOOGL,384.7879,237
2026-01-02T09:30:59,SPY,725.5690,393
2026-01-02T09:30:59,QQQ,677.2695,444
2026-01-02T09:30:00,AAPL,283.2012,874
2026-01-02T09:30:00,MSFT,401.9510,81
2026-01-02T09:30:00,NVDA,194.2304,291
2026-01-02T09:30:00,TSLA,250.0035,406
2026-01-02T09:30:00,AMD,160.6813,556
2026-01-02T09:30:00,AMZN,270.0480,552
2026-01-02T09:30:00,META,612.8569,253
2026-01-02T09:30:00,GOOGL,384.4509,190
2026-01-02T09:30:00,SPY,726.0173,149
2026-01-02T09:30:00,QQQ,677.5735,531
2026-01-02T09:30:01,AAPL,282.6136,236
2026-01-02T09:30:01,MSFT,401.9430,854
2026-01-02T09:30:01,NVDA,194.2060,224
2026-01-02T09:30:01,TSLA,250.4804,107
2026-01-02T09:30:01,AMD,160.6642,456
2026-01-02T09:30:01,AMZN,270.2779,789
2026-01-02T09:30:01,META,614.1558,125
2026-01-02T09:30:01,GOOGL,384.8275,661
2026-01-02T09:30:01,SPY,726.6397,422
2026-01-02T09:30:01,QQQ,677.0012,833
2026-01-02T09:30:02,AAPL,283.0963,882
2026-01-02T09:30:02,MSFT,401.7735,486
2026-01-02T09:30:02,NVDA,194.1263,612
2026-01-02T09:30:02,TSLA,250.3752,649
2026-01-02T09:30:02,AMD,160.7892,212
2026-01-02T09:30:02,AMZN,270.3861,734
2026-01-02T09:30:02,META,612.4804,671
2026-01-02T09:30:02,GOOGL,384.8136,165
2026-01-02T09:30:02,SPY,725.7920,327
2026-01-02T09:30:02,QQQ,677.3663,389
2026-01-02T09:30:03,AAPL,283.2334,388
2026-01-02T09:30:03,MSFT,402.2368,543
2026-01-02T09:30:03,NVDA,194.0225,588
2026-01-02T09:30:03,TSLA,249.8273,677
2026-01-02T09:30:03,AMD,160.8931,372
2026-01-02T09:30:03,AMZN,270.0196,845
2026-01-02T09:30:03,META,612.6259,102
2026-01-02T09:30:03,GOOGL,384.4784,281
2026-01-02T09:30:03,SPY,725.4895,750
2026-01-02T09:30:03,QQQ,676.8331,762
2026-01-02T09:30:04,AAPL,282.5993,687
2026-01-02T09:30:04,MSFT,402.2554,786
2026-01-02T09:30:04,NVDA,194.2339,640
2026-01-02T09:30:04,TSLA,249.9390,768
2026-01-02T09:30:04,AMD,160.6168,339
2026-01-02T09:30:04,AMZN,270.4223,314
2026-01-02T09:30:04,META,613.9373,768
2026-01-02T09:30:04,GOOGL,384.1273,609
2026-01-02T09:30:04,SPY,725.2481,486
2026-01-02T09:30:04,QQQ,677.3893,860
2026-01-02T09:30:05,AAPL,283.3026,727
2026-01-02T09:30:05,MSFT,401.5748,836
2026-01-02T09:30:05,NVDA,194.1129,373
2026-01-02T09:30:05,TSLA,250.2085,536
2026-01-02T09:30:05,AMD,160.6267,527
2026-01-02T09:30:05,AMZN,270.1833,856
2026-01-02T09:30:05,META,612.6823,744
2026-01-02T09:30:05,GOOGL,384.7255,507
2026-01-02T09:30:05,SPY,726.0373,415
2026-01-02T09:30:05,QQQ,676.7080,450
2026-01-02T09:30:06,AAPL,283.2947,361
2026-01-02T09:30:06,MSFT,402.3884,578
2026-01-02T09:30:06,NVDA,193.9941,315
2026-01-02T09:30:06,TSLA,250.4106,244
2026-01-02T09:30:06,AMD,160.8719,285
2026-01-02T09:30:06,AMZN,270.3248,246
2026-01-02T09:30:06,META,613.0824,610
2026-01-02T09:30:06,GOOGL,384.4841,701
2026-01-02T09:30:06,SPY,726.7216,839
2026-01-02T09:30:06,QQQ,676.1915,695
2026-01-02T09:30:07,AAPL,282.5869,229
2026-01-02T09:30:07,MSFT,402.1146,506
2026-01-02T09:30:07,NVDA,194.0246,545
2026-01-02T09:30:07,TSLA,250.0238,804
2026-01-02T09:30:07,AMD,160.6355,481
2026-01-02T09:30:07,AMZN,270.1160,301
2026-01-02T09:30:07,META,612.5729,243
2026-01-02T09:30:07,GOOGL,384.0108,119
2026-01-02T09:30:07,SPY,726.1188,98
2026-01-02T09:30:07,QQQ,677.3795,635
2026-01-02T09:30:08,AAPL,282.7636,558
2026-01-02T09:30:08,MSFT,401.3166,719
2026-01-02T09:30:08,NVDA,194.1042,579
2026-01-02T09:30:08,TSLA,249.9903,893
2026-01-02T09:30:08,AMD,160.8206,814
2026-01-02T09:30:08,AMZN,270.0984,248
2026-01-02T09:30:08,META,613.5781,212
2026-01-02T09:30:08,GOOGL,384.8383,884
2026-01-02T09:30:08,SPY,726.0291,274
2026-01-02T09:30:08,QQQ,676.9955,265
2026-01-02T09:30:09,AAPL,282.6769,185
2026-01-02T09:30:09,MSFT,402.1848,376
2026-01-02T09:30:09,NVDA,193.8095,785
2026-01-02T09:30:09,TSLA,249.9549,650
2026-01-02T09:30:09,AMD,160.6494,893
2026-01-02T09:30:09,AMZN,269.8687,459
2026-01-02T09:30:09,META,612.3749,253
2026-01-02T09:30:09,GOOGL,384.8931,721
2026-01-02T09:30:09,SPY,726.4807,890
2026-01-02T09:30:09,QQQ,676.3485,407
2026-01-02T09:30:10,AAPL,282.8235,434
2026-01-02T09:30:10,MSFT,402.1377,863
2026-01-02T09:30:10,NVDA,193.8118,683
2026-01-02T09:30:10,TSLA,249.9087,383
2026-01-02T09:30:10,AMD,160.8899,424
2026-01-02T09:30:10,AMZN,269.8986,502
2026-01-02T09:30:10,META,613.6490,500
2026-01-02T09:30:10,GOOGL,384.9257,456
2026-01-02T09:30:10,SPY,725.7469,518
2026-01-02T09:30:10,QQQ,677.4151,483
2026-01-02T09:30:11,AAPL,282.9930,895
2026-01-02T09:30:11,MSFT,401.3612,462
2026-01-02T09:30:11,NVDA,193.9340,351
2026-01-02T09:30:11,TSLA,250.0975,606
2026-01-02T09:30:11,AMD,160.9544,425
2026-01-02T09:30:11,AMZN,269.6574,295
2026-01-02T09:30:11,META,613.6430,680
2026-01-02T09:30:11,GOOGL,383.8722,494
2026-01-02T09:30:11,SPY,726.8760,431
2026-01-02T09:30:11,QQQ,676.5975,676
2026-01-02T09:30:12,AAPL,282.9062,185
2026-01-02T09:30:12,MSFT,401.9900,549
2026-01-02T09:30:12,NVDA,194.0488,845
2026-01-02T09:30:12,TSLA,250.2990,338
2026-01-02T09:30:12,AMD,160.6849,436
2026-01-02T09:30:12,AMZN,270.2729,376
2026-01-02T09:30:12,META,612.5930,252
2026-01-02T09:30:12,GOOGL,384.7017,130
2026-01-02T09:30:12,SPY,726.4782,774
2026-01-02T09:30:12,QQQ,677.6908,655
2026-01-02T09:30:13,AAPL,282.9621,222
2026-01-02T09:30:13,MSFT,401.6800,506
2026-01-02T09:30:13,NVDA,193.9843,441
2026-01-02T09:30:13,TSLA,250.4769,390
2026-01-02T09:30:13,AMD,160.7946,754
2026-01-02T09:30:13,AMZN,269.9531,830
2026-01-02T09:30:13,META,612.2771,475
2026-01-02T09:30:13,GOOGL,384.2563,844
2026-01-02T09:30:13,SPY,727.0557,436
2026-01-02T09:30:13,QQQ,676.0593,639
2026-01-02T09:30:14,AAPL,282.5399,740
2026-01-02T09:30:14,MSFT,401.9800,395
2026-01-02T09:30:14,NVDA,194.1068,860
2026-01-02T09:30:14,TSLA,250.4276,187
2026-01-02T09:30:14,AMD,160.7102,169
2026-01-02T09:30:14,AMZN,270.3306,324
2026-01-02T09:30:14,META,613.4738,510
2026-01-02T09:30:14,GOOGL,384.4543,780
2026-01-02T09:30:14,SPY,727.1042,161
2026-01-02T09:30:14,QQQ,678.0964,551
2026-01-02T09:30:15,AAPL,283.0046,780
2026-01-02T09:30:15,MSFT,401.3740,465
2026-01-02T09:30:15,NVDA,193.9417,387
2026-01-02T09:30:15,TSLA,249.9072,766
2026-01-02T09:30:15,AMD,160.5663,816
2026-01-02T09:30:15,AMZN,269.7184,358
2026-01-02T09:30:15,META,612.1812,207
2026-01-02T09:30:15,GOOGL,384.8228,534
2026-01-02T09:30:15,SPY,727.1674,567
2026-01-02T09:30:15,QQQ,677.5220,854
2026-01-02T09:30:16,AAPL,283.3018,580
2026-01-02T09:30:16,MSFT,401.3836,569
2026-01-02T09:30:16,NVDA,193.7274,185
2026-01-02T09:30:16,TSLA,250.2009,106
2026-01-02T09:30:16,AMD,160.8566,631
2026-01-02T09:30:16,AMZN,269.6738,265
2026-01-02T09:30:16,META,612.7300,263
2026-01-02T09:30:16,GOOGL,384.8897,104
2026-01-02T09:30:16,SPY,726.3444,315
2026-01-02T09:30:16,QQQ,677.7866,445
2026-01-02T09:30:17,AAPL,282.5388,182
2026-01-02T09:30:17,MSFT,401.4454,742
2026-01-02T09:30:17,NVDA,194.0764,622
2026-01-02T09:30:17,TSLA,250.3027,319
2026-01-02T09:30:17,AMD,160.9196,483
2026-01-02T09:30:17,AMZN,269.7829,601
2026-01-02T09:30:17,META,613.1048,304
2026-01-02T09:30:17,GOOGL,384.8108,764
2026-01-02T09:30:17,SPY,726.5232,388
2026-01-02T09:30:17,QQQ,677.8704,329
2026-01-02T09:30:18,AAPL,282.9016,825
2026-01-02T09:30:18,MSFT,401.2375,244
2026-01-02T09:30:18,NVDA,193.9683,201
2026-01-02T09:30:18,TSLA,250.4394,355
2026-01-02T09:30:18,AMD,160.6978,568
2026-01-02T09:30:18,AMZN,269.6335,370
2026-01-02T09:30:18,META,612.3284,680
2026-01-02T09:30:18,GOOGL,384.1808,757
2026-01-02T09:30:18,SPY,725.5304,298
2026-01-02T09:30:18,QQQ,677.7281,202
2026-01-02T09:30:19,AAPL,283.1645,739
2026-01-02T09:30:19,MSFT,401.6174,703
2026-01-02T09:30:19,NVDA,193.7354,440
2026-01-02T09:30:19,TSLA,249.8789,716
2026-01-02T09:30:19,AMD,160.7239,364
2026-01-02T09:30:19,AMZN,270.1295,98
2026-01-02T09:30:19,META,613.2763,634
2026-01-02T09:30:19,GOOGL,384.8576,590
2026-01-02T09:30:19,SPY,726.2349,781
2026-01-02T09:30:19,QQQ,677.3818,97
2026-01-02T09:30:20,AAPL,283.0473,819
2026-01-02T09:30:20,MSFT,401.4558,217
2026-01-02T09:30:20,NVDA,193.8420,792
2026-01-02T09:30:20,TSLA,249.6789,793
2026-01-02T09:30:20,AMD,160.8017,287
2026-01-02T09:30:20,AMZN,270.2269,454
2026-01-02T09:30:20,META,612.1906,398
2026-01-02T09:30:20,GOOGL,384.5194,694
2026-01-02T09:30:20,SPY,726.1539,450
2026-01-02T09:30:20,QQQ,676.3084,507
2026-01-02T09:30:21,AAPL,282.6554,797
2026-01-02T09:30:21,MSFT,401.8316,617
2026-01-02T09:30:21,NVDA,193.9765,320
2026-01-02T09:30:21,TSLA,250.1801,539
2026-01-02T09:30:21,AMD,160.7208,340
2026-01-02T09:30:21,AMZN,269.9612,679
2026-01-02T09:30:21,META,612.5952,834
2026-01-02T09:30:21,GOOGL,384.8537,573
2026-01-02T09:30:21,SPY,726.3054,408
2026-01-02T09:30:21,QQQ,676.9257,809
2026-01-02T09:30:22,AAPL,282.7558,223
2026-01-02T09:30:22,MSFT,401.4912,252
2026-01-02T09:30:22,NVDA,193.9954,346
2026-01-02T09:30:22,TSLA,250.1733,289
2026-01-02T09:30:22,AMD,160.7500,368
2026-01-02T09:30:22,AMZN,270.2474,455
2026-01-02T09:30:22,META,613.4807,333
2026-01-02T09:30:22,GOOGL,384.4747,832
2026-01-02T09:30:22,SPY,726.0484,569
2026-01-02T09:30:22,QQQ,677.6525,872
2026-01-02T09:30:23,AAPL,283.1774,749
2026-01-02T09:30:23,MSFT,401.6327,669
2026-01-02T09:30:23,NVDA,193.6612,205
2026-01-02T09:30:23,TSLA,250.2270,454
2026-01-02T09:30:23,AMD,160.7988,695
2026-01-02T09:30:23,AMZN,270.1426,848
2026-01-02T09:30:23,META,613.4444,432
2026-01-02T09:30:23,GOOGL,384.4830,528
2026-01-02T09:30:23,SPY,726.2901,104
2026-01-02T09:30:23,QQQ,678.0752,270
2026-01-02T09:30:24,AAPL,282.9237,419
2026-01-02T09:30:24,MSFT,402.1241,536
2026-01-02T09:30:24,NVDA,193.9900,891
2026-01-02T09:30:24,TSLA,249.7116,644
2026-01-02T09:30:24,AMD,160.7649,641
2026-01-02T09:30:24,AMZN,269.5145,222
2026-01-02T09:30:24,META,612.6478,455
2026-01-02T09:30:24,GOOGL,384.2976,712
2026-01-02T09:30:24,SPY,726.1158,113
2026-01-02T09:30:24,QQQ,677.4501,748
2026-01-02T09:30:25,AAPL,282.7253,763
2026-01-02T09:30:25,MSFT,401.7891,412
2026-01-02T09:30:25,NVDA,193.7554,749
2026-01-02T09:30:25,TSLA,250.2947,155
2026-01-02T09:30:25,AMD,160.5897,160
2026-01-02T09:30:25,AMZN,269.9939,248
2026-01-02T09:30:25,META,612.7146,630
2026-01-02T09:30:25,GOOGL,384.7003,836
2026-01-02T09:30:25,SPY,727.1535,115
2026-01-02T09:30:25,QQQ,678.0110,628
2026-01-02T09:30:26,AAPL,282.6521,514
2026-01-02T09:30:26,MSFT,401.7325,141
2026-01-02T09:30:26,NVDA,193.9480,466
2026-01-02T09:30:26,TSLA,250.3238,536
2026-01-02T09:30:26,AMD,160.9386,128
2026-01-02T09:30:26,AMZN,269.6677,829
2026-01-02T09:30:26,META,613.0885,886
2026-01-02T09:30:26,GOOGL,384.3661,168
2026-01-02T09:30:26,SPY,725.7857,193
2026-01-02T09:30:26,QQQ,677.1905,278
2026-01-02T09:30:27,AAPL,282.4650,693
2026-01-02T09:30:27,MSFT,401.9186,749
2026-01-02T09:30:27,NVDA,193.6281,185
2026-01-02T09:30:27,TSLA,249.7249,818
2026-01-02T09:30:27,AMD,160.9118,555
2026-01-02T09:30:27,AMZN,270.2379,802
2026-01-02T09:30:27,META,613.0508,522
2026-01-02T09:30:27,GOOGL,385.0977,802
2026-01-02T09:30:27,SPY,726.6663,95
2026-01-02T09:30:27,QQQ,677.9030,167
2026-01-02T09:30:28,AAPL,282.8908,869
2026-01-02T09:30:28,MSFT,402.1303,141
2026-01-02T09:30:28,NVDA,193.8214,536
2026-01-02T09:30:28,TSLA,249.8102,851
2026-01-02T09:30:28,AMD,160.8441,735
2026-01-02T09:30:28,AMZN,269.7917,820
2026-01-02T09:30:28,META,612.8252,720
2026-01-02T09:30:28,GOOGL,384.4907,115
2026-01-02T09:30:28,SPY,726.6491,830
2026-01-02T09:30:28,QQQ,677.2903,545
2026-01-02T09:30:29,AAPL,283.0578,781
2026-01-02T09:30:29,MSFT,401.4611,721
2026-01-02T09:30:29,NVDA,193.9342,372
2026-01-02T09:30:29,TSLA,249.9641,800
2026-01-02T09:30:29,AMD,161.0554,739
2026-01-02T09:30:29,AMZN,269.7189,685
2026-01-02T09:30:29,META,612.1314,184
2026-01-02T09:30:29,GOOGL,384.1710,561
2026-01-02T09:30:29,SPY,726.3578,559
2026-01-02T09:30:29,QQQ,677.4566,462
2026-01-02T09:30:30,AAPL,282.9770,466
2026-01-02T09:30:30,MSFT,402.0236,704
2026-01-02T09:30:30,NVDA,193.7481,761
2026-01-02T09:30:30,TSLA,249.9498,641
2026-01-02T09:30:30,AMD,160.7916,90
2026-01-02T09:30:30,AMZN,269.5818,692
2026-01-02T09:30:30,META,612.7882,414
2026-01-02T09:30:30,GOOGL,385.2043,125
2026-01-02T09:30:30,SPY,727.3032,309
2026-01-02T09:30:30,QQQ,677.7211,597
2026-01-02T09:30:31,AAPL,282.6383,800
2026-01-02T09:30:31,MSFT,402.1245,687
2026-01-02T09:30:31,NVDA,193.7122,417
2026-01-02T09:30:31,TSLA,249.9090,211
2026-01-02T09:30:31,AMD,160.9026,796
2026-01-02T09:30:31,AMZN,269.9427,487
2026-01-02T09:30:31,META,612.2522,762
2026-01-02T09:30:31,GOOGL,384.5247,98
2026-01-02T09:30:31,SPY,726.2267,729
2026-01-02T09:30:31,QQQ,677.0144,350
2026-01-02T09:30:32,AAPL,282.9118,266
2026-01-02T09:30:32,MSFT,402.0577,414
2026-01-02T09:30:32,NVDA,193.5605,307
2026-01-02T09:30:32,TSLA,249.6490,508
2026-01-02T09:30:32,AMD,161.0075,640
2026-01-02T09:30:32,AMZN,269.7306,821
2026-01-02T09:30:32,META,613.4606,693
2026-01-02T09:30:32,GOOGL,384.2019,331
2026-01-02T09:30:32,SPY,726.3583,535
2026-01-02T09:30:32,QQQ,677.2121,408
2026-01-02T09:30:33,AAPL,283.0407,166
2026-01-02T09:30:33,MSFT,401.5140,896
2026-01-02T09:30:33,NVDA,193.8344,666
2026-01-02T09:30:33,TSLA,250.2162,768
2026-01-02T09:30:33,AMD,161.0444,209
2026-01-02T09:30:33,AMZN,269.7969,287
2026-01-02T09:30:33,META,612.8407,369
2026-01-02T09:30:33,GOOGL,384.1901,625
2026-01-02T09:30:33,SPY,727.0079,287
2026-01-02T09:30:33,QQQ,677.4686,558
2026-01-02T09:30:34,AAPL,282.8628,628
2026-01-02T09:30:34,MSFT,401.4806,559
2026-01-02T09:30:34,NVDA,193.6230,900
2026-01-02T09:30:34,TSLA,250.2061,627
2026-01-02T09:30:34,AMD,160.7517,804
2026-01-02T09:30:34,AMZN,269.8730,867
2026-01-02T09:30:34,META,612.1155,863
2026-01-02T09:30:34,GOOGL,384.9653,256
2026-01-02T09:30:34,SPY,726.0405,646
2026-01-02T09:30:34,QQQ,676.7689,268
2026-01-02T09:30:35,AAPL,282.6813,824
2026-01-02T09:30:35,MSFT,401.2706,403
2026-01-02T09:30:35,NVDA,193.6482,403
2026-01-02T09:30:35,TSLA,249.6433,235
2026-01-02T09:30:35,AMD,160.8927,122
2026-01-02T09:30:35,AMZN,269.7713,733
2026-01-02T09:30:35,META,612.8590,676
2026-01-02T09:30:35,GOOGL,384.3412,113
2026-01-02T09:30:35,SPY,726.8954,707
2026-01-02T09:30:35,QQQ,677.4921,803
2026-01-02T09:30:36,AAPL,282.2931,747
2026-01-02T09:30:36,MSFT,400.9500,563
2026-01-02T09:30:36,NVDA,193.5298,396
2026-01-02T09:30:36,TSLA,250.1121,261
2026-01-02T09:30:36,AMD,161.0885,617
2026-01-02T09:30:36,AMZN,269.4529,457
2026-01-02T09:30:36,META,611.9064,630
2026-01-02T09:30:36,GOOGL,384.7991,878
2026-01-02T09:30:36,SPY,726.6666,784
2026-01-02T09:30:36,QQQ,678.0362,236
2026-01-02T09:30:37,AAPL,282.6082,835
2026-01-02T09:30:37,MSFT,401.7977,606
2026-01-02T09:30:37,NVDA,193.9486,895
2026-01-02T09:30:37,TSLA,249.8629,623
2026-01-02T09:30:37,AMD,161.1081,122
2026-01-02T09:30:37,AMZN,269.5940,728
2026-01-02T09:30:37,META,613.2636,839
2026-01-02T09:30:37,GOOGL,384.6477,785
2026-01-02T09:30:37,SPY,727.5061,493
2026-01-02T09:30:37,QQQ,676.8120,89
2026-01-02T09:30:38,AAPL,282.3323,786
2026-01-02T09:30:38,MSFT,401.9706,563
2026-01-02T09:30:38,NVDA,193.9346,805
2026-01-02T09:30:38,TSLA,250.1146,211
2026-01-02T09:30:38,AMD,160.8980,893
2026-01-02T09:30:38,AMZN,269.6403,540
2026-01-02T09:30:38,META,612.0639,458
2026-01-02T09:30:38,GOOGL,384.6408,105
2026-01-02T09:30:38,SPY,726.4676,97
2026-01-02T09:30:38,QQQ,677.6516,115
2026-01-02T09:30:39,AAPL,282.6843,194
2026-01-02T09:30:39,MSFT,401.3473,219
2026-01-02T09:30:39,NVDA,193.7625,442
2026-01-02T09:30:39,TSLA,249.5570,855
2026-01-02T09:30:39,AMD,161.1234,163
2026-01-02T09:30:39,AMZN,269.6042,138
2026-01-02T09:30:39,META,613.4227,487
2026-01-02T09:30:39,GOOGL,385.2449,735
2026-01-02T09:30:39,SPY,727.5313,271
2026-01-02T09:30:39,QQQ,677.9168,81
2026-01-02T09:31:40,AAPL,283.0535,232
2026-01-02T09:31:40,MSFT,401.4465,319
2026-01-02T09:31:40,NVDA,193.5620,370
2026-01-02T09:31:40,TSLA,250.1146,845
2026-01-02T09:31:40,AMD,160.6620,189
2026-01-02T09:31:40,AMZN,269.9520,121
2026-01-02T09:31:40,META,613.1621,570
2026-01-02T09:31:40,GOOGL,385.0891,628
2026-01-02T09:31:40,SPY,726.5595,224
2026-01-02T09:31:40,QQQ,677.0679,791
2026-01-02T09:31:41,AAPL,282.6207,673
2026-01-02T09:31:41,MSFT,401.1598,283
2026-01-02T09:31:41,NVDA,193.8444,553
2026-01-02T09:31:41,TSLA,249.6271,456
2026-01-02T09:31:41,AMD,161.1155,455
2026-01-02T09:31:41,AMZN,269.6802,92
2026-01-02T09:31:41,META,611.9917,147
2026-01-02T09:31:41,GOOGL,385.1771,584
2026-01-02T09:31:41,SPY,727.2994,109
2026-01-02T09:31:41,QQQ,678.4830,567
2026-01-02T09:31:42,AAPL,282.9170,311
2026-01-02T09:31:42,MSFT,400.7915,284
2026-01-02T09:31:42,NVDA,193.7841,92
2026-01-02T09:31:42,TSLA,249.7370,434
2026-01-02T09:31:42,AMD,160.7149,177
2026-01-02T09:31:42,AMZN,269.6525,540
2026-01-02T09:31:42,META,612.4347,329
2026-01-02T09:31:42,GOOGL,385.1335,877
2026-01-02T09:31:42,SPY,727.4371,735
2026-01-02T09:31:42,QQQ,678.2307,318
2026-01-02T09:31:43,AAPL,282.8762,294
2026-01-02T09:31:43,MSFT,401.5822,129
2026-01-02T09:31:43,NVDA,193.6164,388
2026-01-02T09:31:43,TSLA,249.9050,362
2026-01-02T09:31:43,AMD,160.9749,574
2026-01-02T09:31:43,AMZN,269.5481,205
2026-01-02T09:31:43,META,611.8910,242
2026-01-02T09:31:43,GOOGL,385.2349,586
2026-01-02T09:31:43,SPY,727.1509,734
2026-01-02T09:31:43,QQQ,676.9851,890
2026-01-02T09:31:44,AAPL,282.5666,847
2026-01-02T09:31:44,MSFT,401.4971,278
2026-01-02T09:31:44,NVDA,193.7890,492
2026-01-02T09:31:44,TSLA,249.7268,338
2026-01-02T09:31:44,AMD,161.0194,721
2026-01-02T09:31:44,AMZN,269.6558,138
2026-01-02T09:31:44,META,611.9290,376
2026-01-02T09:31:44,GOOGL,384.3306,98
2026-01-02T09:31:44,SPY,726.5479,561
2026-01-02T09:31:44,QQQ,678.5783,164
2026-01-02T09:31:45,AAPL,282.5997,721
2026-01-02T09:31:45,MSFT,401.0348,233
2026-01-02T09:31:45,NVDA,193.4903,793
2026-01-02T09:31:45,TSLA,249.6087,580
2026-01-02T09:31:45,AMD,160.8849,613
2026-01-02T09:31:45,AMZN,270.0279,653
2026-01-02T09:31:45,META,612.4629,320
2026-01-02T09:31:45,GOOGL,384.4533,852
2026-01-02T09:31:45,SPY,727.4575,80
2026-01-02T09:31:45,QQQ,678.1887,233
2026-01-02T09:31:46,AAPL,282.8649,396
2026-01-02T09:31:46,MSFT,401.5440,507
2026-01-02T09:31:46,NVDA,193.5821,282
2026-01-02T09:31:46,TSLA,249.8125,734
2026-01-02T09:31:46,AMD,161.1499,272
2026-01-02T09:31:46,AMZN,269.2884,638
2026-01-02T09:31:46,META,612.4403,284
2026-01-02T09:31:46,GOOGL,385.0047,843
2026-01-02T09:31:46,SPY,726.5703,329
2026-01-02T09:31:46,QQQ,678.5989,835
2026-01-02T09:31:47,AAPL,282.3955,392
2026-01-02T09:31:47,MSFT,401.6710,590
2026-01-02T09:31:47,NVDA,193.7147,783
2026-01-02T09:31:47,TSLA,249.5301,333
2026-01-02T09:31:47,AMD,160.7551,693
2026-01-02T09:31:47,AMZN,269.6310,774
2026-01-02T09:31:47,META,611.7680,556
2026-01-02T09:31:47,GOOGL,385.0694,815
2026-01-02T09:31:47,SPY,727.9363,603
2026-01-02T09:31:47,QQQ,677.8015,111
2026-01-02T09:31:48,AAPL,282.6756,864
2026-01-02T09:31:48,MSFT,401.7448,865
2026-01-02T09:31:48,NVDA,193.6006,460
2026-01-02T09:31:48,TSLA,250.0544,554
2026-01-02T09:31:48,AMD,161.0050,392
2026-01-02T09:31:48,AMZN,270.0124,98
2026-01-02T09:31:48,META,612.9324,167
2026-01-02T09:31:48,GOOGL,385.1036,539
2026-01-02T09:31:48,SPY,727.2752,748
2026-01-02T09:31:48,QQQ,677.5350,240
2026-01-02T09:31:49,AAPL,282.7090,717
2026-01-02T09:31:49,MSFT,401.7285,363
2026-01-02T09:31:49,NVDA,193.9638,566
2026-01-02T09:31:49,TSLA,250.0673,410
2026-01-02T09:31:49,AMD,160.9727,640
2026-01-02T09:31:49,AMZN,269.4366,832
2026-01-02T09:31:49,META,613.1699,591
2026-01-02T09:31:49,GOOGL,384.3872,431
2026-01-02T09:31:49,SPY,726.9449,510
2026-01-02T09:31:49,QQQ,677.3825,531
2026-01-02T09:31:50,AAPL,282.8626,770
2026-01-02T09:31:50,MSFT,401.0936,330
2026-01-02T09:31:50,NVDA,193.7299,461
2026-01-02T09:31:50,TSLA,250.1500,828
2026-01-02T09:31:50,AMD,161.0340,528
2026-01-02T09:31:50,AMZN,269.8695,582
2026-01-02T09:31:50,META,611.9505,240
2026-01-02T09:31:50,GOOGL,384.6299,390
2026-01-02T09:31:50,SPY,727.1485,205
2026-01-02T09:31:50,QQQ,677.7605,274
2026-01-02T09:31:51,AAPL,282.5842,502
2026-01-02T09:31:51,MSFT,401.3346,360
2026-01-02T09:31:51,NVDA,193.8134,481
2026-01-02T09:31:51,TSLA,249.8529,383
2026-01-02T09:31:51,AMD,161.0610,686
2026-01-02T09:31:51,AMZN,270.0071,644
2026-01-02T09:31:51,META,612.8992,880
2026-01-02T09:31:51,GOOGL,384.4194,281
2026-01-02T09:31:51,SPY,728.1662,202
2026-01-02T09:31:51,QQQ,677.4309,327
2026-01-02T09:31:52,AAPL,282.8735,334
2026-01-02T09:31:52,MSFT,401.2122,646
2026-01-02T09:31:52,NVDA,193.4613,131
2026-01-02T09:31:52,TSLA,249.4666,233
2026-01-02T09:31:52,AMD,161.1548,230
2026-01-02T09:31:52,AMZN,269.8755,842
2026-01-02T09:31:52,META,612.3213,459
2026-01-02T09:31:52,GOOGL,384.7167,733
2026-01-02T09:31:52,SPY,728.0673,486
2026-01-02T09:31:52,QQQ,678.4485,327
2026-01-02T09:31:53,AAPL,282.7180,197
2026-01-02T09:31:53,MSFT,401.4234,856
2026-01-02T09:31:53,NVDA,193.8160,543
2026-01-02T09:31:53,TSLA,249.5597,900
2026-01-02T09:31:53,AMD,160.8478,204
2026-01-02T09:31:53,AMZN,269.2681,173
2026-01-02T09:31:53,META,611.3486,486
2026-01-02T09:31:53,GOOGL,385.1252,732
2026-01-02T09:31:53,SPY,727.7727,175
2026-01-02T09:31:53,QQQ,677.6375,822
2026-01-02T09:31:54,AAPL,282.0975,471
2026-01-02T09:31:54,MSFT,401.6917,763
2026-01-02T09:31:54,NVDA,193.5590,587
2026-01-02T09:31:54,TSLA,250.1161,709
2026-01-02T09:31:54,AMD,160.9069,884
2026-01-02T09:31:54,AMZN,269.2825,448
2026-01-02T09:31:54,META,612.5762,95
2026-01-02T09:31:54,GOOGL,385.2744,356
2026-01-02T09:31:54,SPY,727.2179,717
2026-01-02T09:31:54,QQQ,678.4091,885
2026-01-02T09:31:55,AAPL,282.6905,368
2026-01-02T09:31:55,MSFT,401.6121,889
2026-01-02T09:31:55,NVDA,193.4876,133
2026-01-02T09:31:55,TSLA,249.3785,710
2026-01-02T09:31:55,AMD,160.7884,782
2026-01-02T09:31:55,AMZN,269.6490,676
2026-01-02T09:31:55,META,612.2582,614
2026-01-02T09:31:55,GOOGL,385.5552,646
2026-01-02T09:31:55,SPY,727.7879,478
2026-01-02T09:31:55,QQQ,678.6903,110
2026-01-02T09:31:56,AAPL,282.7664,737
2026-01-02T09:31:56,MSFT,400.7465,756
2026-01-02T09:31:56,NVDA,193.7923,590
2026-01-02T09:31:56,TSLA,249.7168,286
2026-01-02T09:31:56,AMD,160.8529,169
2026-01-02T09:31:56,AMZN,269.3815,94
2026-01-02T09:31:56,META,613.0618,687
2026-01-02T09:31:56,GOOGL,384.7240,325
2026-01-02T09:31:56,SPY,727.6026,295
2026-01-02T09:31:56,QQQ,677.7143,633
2026-01-02T09:31:57,AAPL,282.1030,877
2026-01-02T09:31:57,MSFT,401.1975,717
2026-01-02T09:31:57,NVDA,193.3763,147
2026-01-02T09:31:57,TSLA,250.0091,672
2026-01-02T09:31:57,AMD,160.8036,651
2026-01-02T09:31:57,AMZN,269.3317,727
2026-01-02T09:31:57,META,612.7623,299
2026-01-02T09:31:57,GOOGL,385.5306,107
2026-01-02T09:31:57,SPY,728.3708,326
2026-01-02T09:31:57,QQQ,677.6209,465
2026-01-02T09:31:58,AAPL,282.4161,463
2026-01-02T09:31:58,MSFT,400.5860,156
2026-01-02T09:31:58,NVDA,193.7471,287
2026-01-02T09:31:58,TSLA,249.7639,280
2026-01-02T09:31:58,AMD,161.2100,421
2026-01-02T09:31:58,AMZN,269.7854,281
2026-01-02T09:31:58,META,612.5411,748
2026-01-02T09:31:58,GOOGL,384.6495,345
2026-01-02T09:31:58,SPY,728.5795,572
2026-01-02T09:31:58,QQQ,678.5207,884
2026-01-02T09:31:59,AAPL,282.5768,736
2026-01-02T09:31:59,MSFT,401.4559,685
2026-01-02T09:31:59,NVDA,193.8805,449
2026-01-02T09:31:59,TSLA,249.4652,614
2026-01-02T09:31:59,AMD,160.8686,288
2026-01-02T09:31:59,AMZN,269.9390,551
2026-01-02T09:31:59,META,611.7986,444
2026-01-02T09:31:59,GOOGL,385.1891,741
2026-01-02T09:31:59,SPY,726.8141,409
2026-01-02T09:31:59,QQQ,677.4107,470
2026-01-02T09:31:00,AAPL,282.6631,867
2026-01-02T09:31:00,MSFT,401.3625,836
2026-01-02T09:31:00,NVDA,193.8001,388
2026-01-02T09:31:00,TSLA,249.9626,396
2026-01-02T09:31:00,AMD,161.0161,279
2026-01-02T09:31:00,AMZN,269.5130,262
2026-01-02T09:31:00,META,611.1598,391
2026-01-02T09:31:00,GOOGL,384.7368,133
2026-01-02T09:31:00,SPY,726.7707,697
2026-01-02T09:31:00,QQQ,677.3824,794
2026-01-02T09:31:01,AAPL,282.0240,224
2026-01-02T09:31:01,MSFT,401.3438,483
2026-01-02T09:31:01,NVDA,193.8691,843
2026-01-02T09:31:01,TSLA,249.9220,399
2026-01-02T09:31:01,AMD,161.1701,166
2026-01-02T09:31:01,AMZN,269.2686,633
2026-01-02T09:31:01,META,612.9124,496
2026-01-02T09:31:01,GOOGL,384.9541,506
2026-01-02T09:31:01,SPY,726.9402,94
2026-01-02T09:31:01,QQQ,677.6318,708
2026-01-02T09:31:02,AAPL,282.1111,536
2026-01-02T09:31:02,MSFT,401.1093,247
2026-01-02T09:31:02,NVDA,193.3664,811
2026-01-02T09:31:02,TSLA,249.5413,845
2026-01-02T09:31:02,AMD,160.9228,573
2026-01-02T09:31:02,AMZN,269.6744,115
2026-01-02T09:31:02,META,612.4558,450
2026-01-02T09:31:02,GOOGL,385.2933,485
2026-01-02T09:31:02,SPY,728.6306,458
2026-01-02T09:31:02,QQQ,677.4670,300
2026-01-02T09:31:03,AAPL,282.2625,540
2026-01-02T09:31:03,MSFT,400.9282,826
2026-01-02T09:31:03,NVDA,193.5949,594
2026-01-02T09:31:03,TSLA,250.0136,370
2026-01-02T09:31:03,AMD,161.1123,637
2026-01-02T09:31:03,AMZN,269.6373,746
2026-01-02T09:31:03,META,611.3857,356
2026-01-02T09:31:03,GOOGL,384.6521,216
2026-01-02T09:31:03,SPY,726.6254,695
2026-01-02T09:31:03,QQQ,678.0061,418
2026-01-02T09:31:04,AAPL,282.5970,486
2026-01-02T09:31:04,MSFT,400.5339,688
2026-01-02T09:31:04,NVDA,193.4009,851
2026-01-02T09:31:04,TSLA,249.8843,553
2026-01-02T09:31:04,AMD,161.1996,275
2026-01-02T09:31:04,AMZN,269.7931,168
2026-01-02T09:31:04,META,611.6511,618
2026-01-02T09:31:04,GOOGL,384.8327,409
2026-01-02T09:31:04,SPY,727.4975,237
2026-01-02T09:31:04,QQQ,677.8785,817
2026-01-02T09:31:05,AAPL,282.2966,381
2026-01-02T09:31:05,MSFT,401.3359,581
2026-01-02T09:31:05,NVDA,193.8532,219
2026-01-02T09:31:05,TSLA,250.0148,416
2026-01-02T09:31:05,AMD,160.9087,236
2026-01-02T09:31:05,AMZN,269.1645,141
2026-01-02T09:31:05,META,611.8430,872
2026-01-02T09:31:05,GOOGL,385.3831,648
2026-01-02T09:31:05,SPY,728.6855,316
2026-01-02T09:31:05,QQQ,678.4804,88
2026-01-02T09:31:06,AAPL,282.3141,645
2026-01-02T09:31:06,MSFT,401.0631,279
2026-01-02T09:31:06,NVDA,193.3438,884
2026-01-02T09:31:06,TSLA,249.9635,282
2026-01-02T09:31:06,AMD,160.8655,101
2026-01-02T09:31:06,AMZN,269.3316,789
2026-01-02T09:31:06,META,612.3708,436
2026-01-02T09:31:06,GOOGL,385.3828,895
2026-01-02T09:31:06,SPY,726.7657,776
2026-01-02T09:31:06,QQQ,678.2239,194
2026-01-02T09:31:07,AAPL,282.3577,425
2026-01-02T09:31:07,MSFT,401.1929,144
2026-01-02T09:31:07,NVDA,193.3521,779
2026-01-02T09:31:07,TSLA,249.9325,216
2026-01-02T09:31:07,AMD,161.0584,747
2026-01-02T09:31:07,AMZN,269.7114,504
2026-01-02T09:31:07,META,612.2499,117
2026-01-02T09:31:07,GOOGL,385.5850,161
2026-01-02T09:31:07,SPY,726.7253,739
2026-01-02T09:31:07,QQQ,677.3935,404
2026-01-02T09:31:08,AAPL,281.9769,157
2026-01-02T09:31:08,MSFT,400.4708,565
2026-01-02T09:31:08,NVDA,193.3173,763
2026-01-02T09:31:08,TSLA,249.7496,126
2026-01-02T09:31:08,AMD,161.2206,424
2026-01-02T09:31:08,AMZN,269.1239,190
2026-01-02T09:31:08,META,611.5261,664
2026-01-02T09:31:08,GOOGL,384.9723,762
2026-01-02T09:31:08,SPY,727.6552,322
2026-01-02T09:31:08,QQQ,677.4332,613
2026-01-02T09:31:09,AAPL,282.6567,81
2026-01-02T09:31:09,MSFT,400.4190,437
2026-01-02T09:31:09,NVDA,193.5702,403
2026-01-02T09:31:09,TSLA,249.2744,222
2026-01-02T09:31:09,AMD,160.8405,272
2026-01-02T09:31:09,AMZN,269.3694,517
2026-01-02T09:31:09,META,612.6706,551
2026-01-02T09:31:09,GOOGL,384.8697,786
2026-01-02T09:31:09,SPY,727.2240,226
2026-01-02T09:31:09,QQQ,678.8391,631
2026-01-02T09:31:10,AAPL,282.1987,761
2026-01-02T09:31:10,MSFT,400.7366,371
2026-01-02T09:31:10,NVDA,193.6270,308
2026-01-02T09:31:10,TSLA,249.7782,286
2026-01-02T09:31:10,AMD,161.0010,206
2026-01-02T09:31:10,AMZN,269.6424,97
2026-01-02T09:31:10,META,611.7844,762
2026-01-02T09:31:10,GOOGL,385.6866,311
2026-01-02T09:31:10,SPY,727.1923,582
2026-01-02T09:31:10,QQQ,678.8108,897
2026-01-02T09:31:11,AAPL,282.6506,850
2026-01-02T09:31:11,MSFT,400.8765,608
2026-01-02T09:31:11,NVDA,193.7451,422
2026-01-02T09:31:11,TSLA,249.9119,720
2026-01-02T09:31:11,AMD,161.2823,134
2026-01-02T09:31:11,AMZN,269.2467,846
2026-01-02T09:31:11,META,612.3377,789
2026-01-02T09:31:11,GOOGL,384.7116,185
2026-01-02T09:31:11,SPY,727.5427,754
2026-01-02T09:31:11,QQQ,678.3857,541
2026-01-02T09:31:12,AAPL,282.6260,723
2026-01-02T09:31:12,MSFT,401.4849,796
2026-01-02T09:31:12,NVDA,193.6679,211
2026-01-02T09:31:12,TSLA,249.5220,662
2026-01-02T09:31:12,AMD,161.1064,269
2026-01-02T09:31:12,AMZN,269.5134,821
2026-01-02T09:31:12,META,612.3608,120
2026-01-02T09:31:12,GOOGL,385.3991,801
2026-01-02T09:31:12,SPY,728.0659,191
2026-01-02T09:31:12,QQQ,678.9870,819
2026-01-02T09:31:13,AAPL,282.7186,787
2026-01-02T09:31:13,MSFT,401.0756,469
2026-01-02T09:31:13,NVDA,193.6807,196
2026-01-02T09:31:13,TSLA,249.9539,185
2026-01-02T09:31:13,AMD,160.9255,493
2026-01-02T09:31:13,AMZN,269.6758,135
2026-01-02T09:31:13,META,612.4771,671
2026-01-02T09:31:13,GOOGL,385.7445,626
2026-01-02T09:31:13,SPY,728.6222,614
2026-01-02T09:31:13,QQQ,678.2689,835
2026-01-02T09:31:14,AAPL,282.6575,404
2026-01-02T09:31:14,MSFT,401.5255,813
2026-01-02T09:31:14,NVDA,193.4741,370
2026-01-02T09:31:14,TSLA,249.5657,622
2026-01-02T09:31:14,AMD,161.1800,392
2026-01-02T09:31:14,AMZN,269.5232,764
2026-01-02T09:31:14,META,611.5556,171
2026-01-02T09:31:14,GOOGL,385.0486,285
2026-01-02T09:31:14,SPY,727.1787,264
2026-01-02T09:31:14,QQQ,678.2327,445
2026-01-02T09:31:15,AAPL,282.6146,782
2026-01-02T09:31:15,MSFT,401.0713,352
2026-01-02T09:31:15,NVDA,193.5501,640
2026-01-02T09:31:15,TSLA,249.4923,406
2026-01-02T09:31:15,AMD,161.1188,176
2026-01-02T09:31:15,AMZN,269.2877,534
2026-01-02T09:31:15,META,611.7821,682
2026-01-02T09:31:15,GOOGL,385.8057,688
2026-01-02T09:31:15,SPY,727.8758,884
2026-01-02T09:31:15,QQQ,679.2766,782
2026-01-02T09:31:16,AAPL,282.4597,881
2026-01-02T09:31:16,MSFT,401.0497,869
2026-01-02T09:31:16,NVDA,193.2781,109
2026-01-02T09:31:16,TSLA,249.5794,616
2026-01-02T09:31:16,AMD,161.2448,730
2026-01-02T09:31:16,AMZN,269.5051,696
2026-01-02T09:31:16,META,611.7376,285
2026-01-02T09:31:16,GOOGL,385.5944,780
2026-01-02T09:31:16,SPY,727.5661,426
2026-01-02T09:31:16,QQQ,677.8642,424
2026-01-02T09:31:17,AAPL,282.3415,133
2026-01-02T09:31:17,MSFT,401.1792,892
2026-01-02T09:31:17,NVDA,193.6128,390
2026-01-02T09:31:17,TSLA,249.5678,833
2026-01-02T09:31:17,AMD,160.9322,442
2026-01-02T09:31:17,AMZN,269.4858,360
2026-01-02T09:31:17,META,612.2053,172
2026-01-02T09:31:17,GOOGL,384.8737,714
2026-01-02T09:31:17,SPY,727.9284,504
2026-01-02T09:31:17,QQQ,678.2843,518
2026-01-02T09:31:18,AAPL,282.0789,278
2026-01-02T09:31:18,MSFT,400.4522,334
2026-01-02T09:31:18,NVDA,193.7426,363
2026-01-02T09:31:18,TSLA,249.5012,221
2026-01-02T09:31:18,AMD,161.2733,698
2026-01-02T09:31:18,AMZN,269.4468,317
2026-01-02T09:31:18,META,611.4819,710
2026-01-02T09:31:18,GOOGL,385.3872,548
2026-01-02T09:31:18,SPY,727.9137,501
2026-01-02T09:31:18,QQQ,678.2145,817
2026-01-02T09:31:19,AAPL,282.6161,824
2026-01-02T09:31:19,MSFT,400.8886,553
2026-01-02T09:31:19,NVDA,193.5686,379
2026-01-02T09:31:19,TSLA,249.5010,250
2026-01-02T09:31:19,AMD,161.1338,268
2026-01-02T09:31:19,AMZN,269.7225,831
2026-01-02T09:31:19,META,611.5284,525
2026-01-02T09:31:19,GOOGL,385.5748,583
2026-01-02T09:31:19,SPY,728.3796,441
2026-01-02T09:31:19,QQQ,679.0402,845
2026-01-02T09:31:20,AAPL,282.1247,489
2026-01-02T09:31:20,MSFT,401.0398,475
2026-01-02T09:31:20,NVDA,193.4783,242
2026-01-02T09:31:20,TSLA,249.6553,156
2026-01-02T09:31:20,AMD,161.0196,234
2026-01-02T09:31:20,AMZN,269.1653,548
2026-01-02T09:31:20,META,611.2384,751
2026-01-02T09:31:20,GOOGL,385.4808,716
2026-01-02T09:31:20,SPY,727.9338,118
2026-01-02T09:31:20,QQQ,678.3927,223
2026-01-02T09:31:21,AAPL,282.0750,118
2026-01-02T09:31:21,MSFT,401.3737,265
2026-01-02T09:31:21,NVDA,193.5030,224
2026-01-02T09:31:21,TSLA,249.5269,783
2026-01-02T09:31:21,AMD,161.2589,131
2026-01-02T09:31:21,AMZN,269.3718,188
2026-01-02T09:31:21,META,610.6874,184
2026-01-02T09:31:21,GOOGL,385.6477,815
2026-01-02T09:31:21,SPY,727.0337,876
2026-01-02T09:31:21,QQQ,678.3584,633
2026-01-02T09:31:22,AAPL,282.5183,188
2026-01-02T09:31:22,MSFT,400.6389,343
2026-01-02T09:31:22,NVDA,193.7698,300
2026-01-02T09:31:22,TSLA,249.4769,162
2026-01-02T09:31:22,AMD,161.0029,353
2026-01-02T09:31:22,AMZN,269.7037,891
2026-01-02T09:31:22,META,611.1607,343
2026-01-02T09:31:22,GOOGL,385.7085,115
2026-01-02T09:31:22,SPY,728.4336,776
2026-01-02T09:31:22,QQQ,679.0681,512
2026-01-02T09:31:23,AAPL,282.0730,489
2026-01-02T09:31:23,MSFT,400.5171,524
2026-01-02T09:31:23,NVDA,193.3568,254
2026-01-02T09:31:23,TSLA,249.4700,141
2026-01-02T09:31:23,AMD,161.0510,739
2026-01-02T09:31:23,AMZN,269.4951,735
2026-01-02T09:31:23,META,610.8097,434
2026-01-02T09:31:23,GOOGL,385.4291,122
2026-01-02T09:31:23,SPY,727.4437,371
2026-01-02T09:31:23,QQQ,678.8939,238
2026-01-02T09:31:24,AAPL,282.3107,640
2026-01-02T09:31:24,MSFT,400.5190,538
2026-01-02T09:31:24,NVDA,193.7050,329
2026-01-02T09:31:24,TSLA,249.5389,704
2026-01-02T09:31:24,AMD,160.9480,441
2026-01-02T09:31:24,AMZN,269.1526,630
2026-01-02T09:31:24,META,611.0156,603
2026-01-02T09:31:24,GOOGL,385.4142,295
2026-01-02T09:31:24,SPY,727.4417,259
2026-01-02T09:31:24,QQQ,679.2013,99
2026-01-02T09:31:25,AAPL,282.4811,423
2026-01-02T09:31:25,MSFT,400.4810,752
2026-01-02T09:31:25,NVDA,193.2947,846
2026-01-02T09:31:25,TSLA,249.1377,850
2026-01-02T09:31:25,AMD,160.9799,659
2026-01-02T09:31:25,AMZN,269.2175,345
2026-01-02T09:31:25,META,612.0219,726
2026-01-02T09:31:25,GOOGL,385.3450,307
2026-01-02T09:31:25,SPY,728.2481,427
2026-01-02T09:31:25,QQQ,678.1249,316
2026-01-02T09:31:26,AAPL,281.8346,831
2026-01-02T09:31:26,MSFT,400.1866,541
2026-01-02T09:31:26,NVDA,193.6867,197
2026-01-02T09:31:26,TSLA,249.5629,339
2026-01-02T09:31:26,AMD,161.1001,446
2026-01-02T09:31:26,AMZN,269.2724,848
2026-01-02T09:31:26,META,611.2978,151
2026-01-02T09:31:26,GOOGL,385.3780,529
2026-01-02T09:31:26,SPY,728.1121,455
2026-01-02T09:31:26,QQQ,678.4743,349
2026-01-02T09:31:27,AAPL,281.8869,204
2026-01-02T09:31:27,MSFT,400.9421,782
2026-01-02T09:31:27,NVDA,193.1993,530
2026-01-02T09:31:27,TSLA,249.5558,428
2026-01-02T09:31:27,AMD,161.2164,591
2026-01-02T09:31:27,AMZN,269.1721,470
2026-01-02T09:31:27,META,612.3069,608
2026-01-02T09:31:27,GOOGL,384.8965,664
2026-01-02T09:31:27,SPY,728.9656,123
2026-01-02T09:31:27,QQQ,678.4990,448
2026-01-02T09:31:28,AAPL,282.3751,154
2026-01-02T09:31:28,MSFT,400.4471,790
2026-01-02T09:31:28,NVDA,193.5733,900
2026-01-02T09:31:28,TSLA,249.2076,635
2026-01-02T09:31:28,AMD,161.0140,89
2026-01-02T09:31:28,AMZN,269.5231,308
2026-01-02T09:31:28,META,612.2916,265
2026-01-02T09:31:28,GOOGL,385.2153,549
2026-01-02T09:31:28,SPY,727.5098,383
2026-01-02T09:31:28,QQQ,679.0518,209
2026-01-02T09:31:29,AAPL,281.7656,734
2026-01-02T09:31:29,MSFT,400.7293,689
2026-01-02T09:31:29,NVDA,193.5932,384
2026-01-02T09:31:29,TSLA,249.2616,563
2026-01-02T09:31:29,AMD,161.2007,419
2026-01-02T09:31:29,AMZN,268.9973,199
2026-01-02T09:31:29,META,611.6940,655
2026-01-02T09:31:29,GOOGL,385.9354,339
2026-01-02T09:31:29,SPY,727.7304,798
2026-01-02T09:31:29,QQQ,679.6192,528
2026-01-02T09:31:30,AAPL,282.3800,116
2026-01-02T09:31:30,MSFT,400.9999,726
2026-01-02T09:31:30,NVDA,193.6577,603
2026-01-02T09:31:30,TSLA,249.1440,336
2026-01-02T09:31:30,AMD,160.9619,670
2026-01-02T09:31:30,AMZN,268.8700,651
2026-01-02T09:31:30,META,611.9268,432
2026-01-02T09:31:30,GOOGL,385.4318,622
2026-01-02T09:31:30,SPY,728.3017,381
2026-01-02T09:31:30,QQQ,678.3603,690
2026-01-02T09:31:31,AAPL,282.1819,197
2026-01-02T09:31:31,MSFT,401.2629,505
2026-01-02T09:31:31,NVDA,193.1948,409
2026-01-02T09:31:31,TSLA,249.4997,252
2026-01-02T09:31:31,AMD,161.3391,753
2026-01-02T09:31:31,AMZN,269.2226,449
2026-01-02T09:31:31,META,611.5842,425
2026-01-02T09:31:31,GOOGL,384.9228,790
2026-01-02T09:31:31,SPY,728.9170,635
2026-01-02T09:31:31,QQQ,679.3764,264
2026-01-02T09:31:32,AAPL,282.1241,82
2026-01-02T09:31:32,MSFT,400.7626,701
2026-01-02T09:31:32,NVDA,193.6287,301
2026-01-02T09:31:32,TSLA,249.5860,460
2026-01-02T09:31:32,AMD,161.0134,421
2026-01-02T09:31:32,AMZN,269.4738,278
2026-01-02T09:31:32,META,610.9718,745
2026-01-02T09:31:32,GOOGL,385.3108,610
2026-01-02T09:31:32,SPY,728.3647,154
2026-01-02T09:31:32,QQQ,678.3383,460
2026-01-02T09:31:33,AAPL,282.2239,340
2026-01-02T09:31:33,MSFT,400.6437,434
2026-01-02T09:31:33,NVDA,193.1354,802
2026-01-02T09:31:33,TSLA,249.2675,741
2026-01-02T09:31:33,AMD,161.3808,432
2026-01-02T09:31:33,AMZN,268.8681,579
2026-01-02T09:31:33,META,611.2080,82
2026-01-02T09:31:33,GOOGL,385.8159,157
2026-01-02T09:31:33,SPY,729.1709,222
2026-01-02T09:31:33,QQQ,678.0000,383
2026-01-02T09:31:34,AAPL,282.4204,819
2026-01-02T09:31:34,MSFT,400.5828,600
2026-01-02T09:31:34,NVDA,193.3073,749
2026-01-02T09:31:34,TSLA,249.4849,112
2026-01-02T09:31:34,AMD,161.3500,658
2026-01-02T09:31:34,AMZN,268.8384,261
2026-01-02T09:31:34,META,610.5367,400
2026-01-02T09:31:34,GOOGL,385.8764,323
2026-01-02T09:31:34,SPY,728.5165,232
2026-01-02T09:31:34,QQQ,679.0894,701
2026-01-02T09:31:35,AAPL,281.9673,719
2026-01-02T09:31:35,MSFT,400.6070,154
2026-01-02T09:31:35,NVDA,193.1413,742
2026-01-02T09:31:35,TSLA,249.4271,749
2026-01-02T09:31:35,AMD,161.0806,481
2026-01-02T09:31:35,AMZN,268.9059,602
2026-01-02T09:31:35,META,611.5224,172
2026-01-02T09:31:35,GOOGL,385.6190,510
2026-01-02T09:31:35,SPY,729.3634,463
2026-01-02T09:31:35,QQQ,679.3710,250
2026-01-02T09:31:36,AAPL,281.8078,608
2026-01-02T09:31:36,MSFT,400.0916,856
2026-01-02T09:31:36,NVDA,193.3606,192
2026-01-02T09:31:36,TSLA,249.2352,842
2026-01-02T09:31:36,AMD,160.9995,247
2026-01-02T09:31:36,AMZN,269.0644,515
2026-01-02T09:31:36,META,610.4393,413
2026-01-02T09:31:36,GOOGL,384.9997,716
2026-01-02T09:31:36,SPY,729.0584,456
2026-01-02T09:31:36,QQQ,679.1681,299
2026-01-02T09:31:37,AAPL,282.4990,782
2026-01-02T09:31:37,MSFT,400.0987,250
2026-01-02T09:31:37,NVDA,193.1175,761
2026-01-02T09:31:37,TSLA,249.4700,295
2026-01-02T09:31:37,AMD,161.3657,550
2026-01-02T09:31:37,AMZN,269.2659,300
2026-01-02T09:31:37,META,610.6433,114
2026-01-02T09:31:37,GOOGL,385.8350,94
2026-01-02T09:31:37,SPY,727.9820,474
2026-01-02T09:31:37,QQQ,679.3201,165
2026-01-02T09:31:38,AAPL,281.7646,186
2026-01-02T09:31:38,MSFT,400.6647,398
2026-01-02T09:31:38,NVDA,193.5820,540
2026-01-02T09:31:38,TSLA,249.2615,383
2026-01-02T09:31:38,AMD,161.3320,838
2026-01-02T09:31:38,AMZN,268.8261,319
2026-01-02T09:31:38,META,611.6455,336
2026-01-02T09:31:38,GOOGL,385.3013,167
2026-01-02T09:31:38,SPY,728.2037,282
2026-01-02T09:31:38,QQQ,678.7606,827
2026-01-02T09:31:39,AAPL,281.9427,866
2026-01-02T09:31:39,MSFT,400.3922,330
2026-01-02T09:31:39,NVDA,193.5685,371
2026-01-02T09:31:39,TSLA,249.0615,465
2026-01-02T09:31:39,AMD,161.0969,760
2026-01-02T09:31:39,AMZN,269.0593,668
2026-01-02T09:31:39,META,611.5113,692
2026-01-02T09:31:39,GOOGL,385.5733,866
2026-01-02T09:31:39,SPY,729.0332,315
2026-01-02T09:31:39,QQQ,679.2862,280
2026-01-02T09:31:40,AAPL,282.3457,610
2026-01-02T09:31:40,MSFT,400.9556,819
2026-01-02T09:31:40,NVDA,193.3709,511
2026-01-02T09:31:40,TSLA,249.3995,374
2026-01-02T09:31:40,AMD,161.1998,848
2026-01-02T09:31:40,AMZN,269.1862,347
2026-01-02T09:31:40,META,611.0713,775
2026-01-02T09:31:40,GOOGL,385.0512,176
2026-01-02T09:31:40,SPY,727.5483,726
2026-01-02T09:31:40,QQQ,678.1586,173
2026-01-02T09:31:41,AAPL,282.1455,179
2026-01-02T09:31:41,MSFT,400.9860,641
2026-01-02T09:31:41,NVDA,193.3098,797
2026-01-02T09:31:41,TSLA,249.3381,489
2026-01-02T09:31:41,AMD,161.4561,780
2026-01-02T09:31:41,AMZN,269.5069,632
2026-01-02T09:31:41,META,612.0867,297
2026-01-02T09:31:41,GOOGL,385.6706,103
2026-01-02T09:31:41,SPY,727.9700,622
2026-01-02T09:31:41,QQQ,680.1374,763
2026-01-02T09:31:42,AAPL,282.3499,706
2026-01-02T09:31:42,MSFT,400.0474,382
2026-01-02T09:31:42,NVDA,193.6042,392
2026-01-02T09:31:42,TSLA,249.2120,166
2026-01-02T09:31:42,AMD,161.2591,147
2026-01-02T09:31:42,AMZN,268.7740,565
2026-01-02T09:31:42,META,611.1354,895
2026-01-02T09:31:42,GOOGL,385.2323,857
2026-01-02T09:31:42,SPY,728.6294,391
2026-01-02T09:31:42,QQQ,678.2876,546
2026-01-02T09:31:43,AAPL,282.0165,841
2026-01-02T09:31:43,MSFT,400.3700,675
2026-01-02T09:31:43,NVDA,193.4672,557
2026-01-02T09:31:43,TSLA,248.9477,463
2026-01-02T09:31:43,AMD,161.0099,432
2026-01-02T09:31:43,AMZN,269.5052,342
2026-01-02T09:31:43,META,610.7325,160
2026-01-02T09:31:43,GOOGL,385.9802,537
2026-01-02T09:31:43,SPY,727.9168,843
2026-01-02T09:31:43,QQQ,680.1725,660
2026-01-02T09:31:44,AAPL,282.0770,134
2026-01-02T09:31:44,MSFT,400.0393,616
2026-01-02T09:31:44,NVDA,193.5447,111
2026-01-02T09:31:44,TSLA,249.3757,107
2026-01-02T09:31:44,AMD,161.4329,452
2026-01-02T09:31:44,AMZN,268.7702,101
2026-01-02T09:31:44,META,610.9871,297
2026-01-02T09:31:44,GOOGL,385.9687,241
2026-01-02T09:31:44,SPY,729.0258,543
2026-01-02T09:31:44,QQQ,679.6702,566
2026-01-02T09:31:45,AAPL,282.3582,727
2026-01-02T09:31:45,MSFT,400.9453,91
2026-01-02T09:31:45,NVDA,193.4705,266
2026-01-02T09:31:45,TSLA,249.3615,685
2026-01-02T09:31:45,AMD,161.3153,461
2026-01-02T09:31:45,AMZN,268.9690,615
2026-01-02T09:31:45,META,611.6180,188
2026-01-02T09:31:45,GOOGL,386.0519,677
2026-01-02T09:31:45,SPY,728.0841,120
2026-01-02T09:31:45,QQQ,679.1922,171
2026-01-02T09:31:46,AAPL,281.9635,857
2026-01-02T09:31:46,MSFT,400.8453,97
2026-01-02T09:31:46,NVDA,193.3752,319
2026-01-02T09:31:46,TSLA,249.5748,427
2026-01-02T09:31:46,AMD,161.3412,185
2026-01-02T09:31:46,AMZN,269.0376,554
2026-01-02T09:31:46,META,610.9632,143
2026-01-02T09:31:46,GOOGL,386.0188,82
2026-01-02T09:31:46,SPY,729.0199,360
2026-01-02T09:31:46,QQQ,678.5799,372
2026-01-02T09:31:47,AAPL,281.9666,399
2026-01-02T09:31:47,MSFT,400.8395,443
2026-01-02T09:31:47,NVDA,193.3824,605
2026-01-02T09:31:47,TSLA,249.2872,180
2026-01-02T09:31:47,AMD,161.4812,381
2026-01-02T09:31:47,AMZN,269.2712,418
2026-01-02T09:31:47,META,611.0086,510
2026-01-02T09:31:47,GOOGL,385.5824,150
2026-01-02T09:31:47,SPY,728.4554,183
2026-01-02T09:31:47,QQQ,678.6029,495
2026-01-02T09:31:48,AAPL,281.7451,233
2026-01-02T09:31:48,MSFT,401.0400,530
2026-01-02T09:31:48,NVDA,193.3723,654
2026-01-02T09:31:48,TSLA,249.2567,759
2026-01-02T09:31:48,AMD,161.4688,437
2026-01-02T09:31:48,AMZN,269.0770,629
2026-01-02T09:31:48,META,611.2184,553
2026-01-02T09:31:48,GOOGL,385.5198,136
2026-01-02T09:31:48,SPY,729.5504,537
2026-01-02T09:31:48,QQQ,678.8629,817
2026-01-02T09:31:49,AAPL,281.9892,703
2026-01-02T09:31:49,MSFT,401.0341,643
2026-01-02T09:31:49,NVDA,193.3431,709
2026-01-02T09:31:49,TSLA,249.5675,555
2026-01-02T09:31:49,AMD,161.1359,591
2026-01-02T09:31:49,AMZN,269.1864,354
2026-01-02T09:31:49,META,611.3542,111
2026-01-02T09:31:49,GOOGL,386.1736,155
2026-01-02T09:31:49,SPY,729.6415,246
2026-01-02T09:31:49,QQQ,679.9304,610
2026-01-02T09:31:50,AAPL,281.9970,182
2026-01-02T09:31:50,MSFT,400.0994,803
2026-01-02T09:31:50,NVDA,193.2458,93
2026-01-02T09:31:50,TSLA,249.4816,326
2026-01-02T09:31:50,AMD,161.2598,132
2026-01-02T09:31:50,AMZN,268.8319,257
2026-01-02T09:31:50,META,610.3757,823
2026-01-02T09:31:50,GOOGL,386.2304,262
2026-01-02T09:31:50,SPY,728.0413,453
2026-01-02T09:31:50,QQQ,678.6217,178
2026-01-02T09:31:51,AAPL,281.7075,695
2026-01-02T09:31:51,MSFT,400.8609,491
2026-01-02T09:31:51,NVDA,193.2491,773
2026-01-02T09:31:51,TSLA,249.0951,877
2026-01-02T09:31:51,AMD,161.2656,290
2026-01-02T09:31:51,AMZN,268.9013,253
2026-01-02T09:31:51,META,610.2604,618
2026-01-02T09:31:51,GOOGL,386.0477,396
2026-01-02T09:31:51,SPY,728.3121,218
2026-01-02T09:31:51,QQQ,678.6932,152
2026-01-02T09:31:52,AAPL,282.2617,386
2026-01-02T09:31:52,MSFT,400.6292,255
2026-01-02T09:31:52,NVDA,193.2204,558
2026-01-02T09:31:52,TSLA,248.8739,414
2026-01-02T09:31:52,AMD,161.0635,537
2026-01-02T09:31:52,AMZN,268.9905,377
2026-01-02T09:31:52,META,611.8149,888
2026-01-02T09:31:52,GOOGL,386.1588,234
2026-01-02T09:31:52,SPY,729.1565,303
2026-01-02T09:31:52,QQQ,679.1894,433
2026-01-02T09:31:53,AAPL,281.6745,330
2026-01-02T09:31:53,MSFT,400.4360,463
2026-01-02T09:31:53,NVDA,193.3588,891
2026-01-02T09:31:53,TSLA,249.3334,496
2026-01-02T09:31:53,AMD,161.1574,276
2026-01-02T09:31:53,AMZN,268.6939,709
2026-01-02T09:31:53,META,611.7184,588
2026-01-02T09:31:53,GOOGL,385.4530,504
2026-01-02T09:31:53,SPY,729.4766,677
2026-01-02T09:31:53,QQQ,679.0219,103
2026-01-02T09:31:54,AAPL,282.2894,380
2026-01-02T09:31:54,MSFT,400.9392,500
2026-01-02T09:31:54,NVDA,193.1223,279
2026-01-02T09:31:54,TSLA,249.4493,765
2026-01-02T09:31:54,AMD,161.4552,187
2026-01-02T09:31:54,AMZN,269.3861,377
2026-01-02T09:31:54,META,610.1592,609
2026-01-02T09:31:54,GOOGL,385.4291,213
2026-01-02T09:31:54,SPY,729.3366,95
2026-01-02T09:31:54,QQQ,679.8579,616
2026-01-02T09:31:55,AAPL,282.1885,567
2026-01-02T09:31:55,MSFT,400.0256,512
2026-01-02T09:31:55,NVDA,193.1399,525
2026-01-02T09:31:55,TSLA,249.3053,830
2026-01-02T09:31:55,AMD,161.4362,788
2026-01-02T09:31:55,AMZN,268.7902,660
2026-01-02T09:31:55,META,611.2114,417
2026-01-02T09:31:55,GOOGL,385.2802,356
2026-01-02T09:31:55,SPY,728.7427,455
2026-01-02T09:31:55,QQQ,678.8202,856
2026-01-02T09:31:56,AAPL,281.6929,540
2026-01-02T09:31:56,MSFT,400.7082,766
2026-01-02T09:31:56,NVDA,193.4907,165
2026-01-02T09:31:56,TSLA,248.9209,858
2026-01-02T09:31:56,AMD,161.1951,373
2026-01-02T09:31:56,AMZN,268.8085,504
2026-01-02T09:31:56,META,611.0079,603
2026-01-02T09:31:56,GOOGL,385.5875,140
2026-01-02T09:31:56,SPY,730.0177,89
2026-01-02T09:31:56,QQQ,679.5487,617
2026-01-02T09:31:57,AAPL,281.8901,545
2026-01-02T09:31:57,MSFT,400.2630,868
2026-01-02T09:31:57,NVDA,193.1390,248
2026-01-02T09:31:57,TSLA,249.0591,785
2026-01-02T09:31:57,AMD,161.1787,155
2026-01-02T09:31:57,AMZN,269.3318,147
2026-01-02T09:31:57,META,610.2229,811
2026-01-02T09:31:57,GOOGL,386.0773,271
2026-01-02T09:31:57,SPY,729.6725,491
2026-01-02T09:31:57,QQQ,679.4918,301
2026-01-02T09:31:58,AAPL,281.4871,381
2026-01-02T09:31:58,MSFT,400.8389,570
2026-01-02T09:31:58,NVDA,193.4865,385
2026-01-02T09:31:58,TSLA,249.1086,547
2026-01-02T09:31:58,AMD,161.5642,228
2026-01-02T09:31:58,AMZN,269.2245,508
2026-01-02T09:31:58,META,610.9312,249
2026-01-02T09:31:58,GOOGL,386.3270,429
2026-01-02T09:31:58,SPY,729.5392,433
2026-01-02T09:31:58,QQQ,678.9330,550
2026-01-02T09:31:59,AAPL,281.7362,255
2026-01-02T09:31:59,MSFT,399.8772,420
2026-01-02T09:31:59,NVDA,193.3475,343
2026-01-02T09:31:59,TSLA,249.2153,469
2026-01-02T09:31:59,AMD,161.1288,150
2026-01-02T09:31:59,AMZN,269.2180,648
2026-01-02T09:31:59,META,610.0118,815
2026-01-02T09:31:59,GOOGL,385.4570,537
2026-01-02T09:31:59,SPY,728.5888,665
2026-01-02T09:31:59,QQQ,678.5645,439
2026-01-02T09:31:00,AAPL,282.1386,792
2026-01-02T09:31:00,MSFT,399.9912,581
2026-01-02T09:31:00,NVDA,193.2864,152
2026-01-02T09:31:00,TSLA,249.4989,527
2026-01-02T09:31:00,AMD,161.4752,510
2026-01-02T09:31:00,AMZN,268.6227,836
2026-01-02T09:31:00,META,609.8583,391
2026-01-02T09:31:00,GOOGL,386.0010,867
2026-01-02T09:31:00,SPY,729.6380,189
2026-01-02T09:31:00,QQQ,678.7918,815
2026-01-02T09:31:01,AAPL,281.4733,534
2026-01-02T09:31:01,MSFT,399.7234,396
2026-01-02T09:31:01,NVDA,193.1943,561
2026-01-02T09:31:01,TSLA,249.1972,472
2026-01-02T09:31:01,AMD,161.5453,249
2026-01-02T09:31:01,AMZN,269.0558,851
2026-01-02T09:31:01,META,611.3890,281
2026-01-02T09:31:01,GOOGL,386.2153,540
2026-01-02T09:31:01,SPY,729.3735,557
2026-01-02T09:31:01,QQQ,679.6395,126
2026-01-02T09:31:02,AAPL,282.0409,417
2026-01-02T09:31:02,MSFT,400.2261,804
2026-01-02T09:31:02,NVDA,193.2427,270
2026-01-02T09:31:02,TSLA,248.8415,338
2026-01-02T09:31:02,AMD,161.2864,175
2026-01-02T09:31:02,AMZN,269.2519,320
2026-01-02T09:31:02,META,609.8630,661
2026-01-02T09:31:02,GOOGL,385.9156,189
2026-01-02T09:31:02,SPY,730.0628,690
2026-01-02T09:31:02,QQQ,680.1053,546
2026-01-02T09:31:03,AAPL,281.6895,590
2026-01-02T09:31:03,MSFT,400.2731,179
2026-01-02T09:31:03,NVDA,193.2985,618
2026-01-02T09:31:03,TSLA,249.4162,108
2026-01-02T09:31:03,AMD,161.5649,857
2026-01-02T09:31:03,AMZN,269.3164,598
2026-01-02T09:31:03,META,611.5183,782
2026-01-02T09:31:03,GOOGL,386.4474,83
2026-01-02T09:31:03,SPY,729.7034,890
2026-01-02T09:31:03,QQQ,679.3514,170
2026-01-02T09:31:04,AAPL,282.1437,436
2026-01-02T09:31:04,MSFT,399.8906,718
2026-01-02T09:31:04,NVDA,193.1537,652
2026-01-02T09:31:04,TSLA,249.2843,768
2026-01-02T09:31:04,AMD,161.5239,483
2026-01-02T09:31:04,AMZN,268.7383,811
2026-01-02T09:31:04,META,611.3829,886
2026-01-02T09:31:04,GOOGL,386.1732,513
2026-01-02T09:31:04,SPY,728.3231,696
2026-01-02T09:31:04,QQQ,679.2505,874
2026-01-02T09:31:05,AAPL,281.7284,109
2026-01-02T09:31:05,MSFT,399.7445,671
2026-01-02T09:31:05,NVDA,193.4665,724
2026-01-02T09:31:05,TSLA,249.4384,328
2026-01-02T09:31:05,AMD,161.4771,661
2026-01-02T09:31:05,AMZN,269.0936,323
2026-01-02T09:31:05,META,610.4432,249
2026-01-02T09:31:05,GOOGL,386.1338,748
2026-01-02T09:31:05,SPY,728.2344,641
2026-01-02T09:31:05,QQQ,678.9677,896
2026-01-02T09:31:06,AAPL,281.6237,471
2026-01-02T09:31:06,MSFT,399.9513,477
2026-01-02T09:31:06,NVDA,193.1664,403
2026-01-02T09:31:06,TSLA,248.8735,145
2026-01-02T09:31:06,AMD,161.4427,122
2026-01-02T09:31:06,AMZN,268.7926,359
2026-01-02T09:31:06,META,610.4524,229
2026-01-02T09:31:06,GOOGL,385.6587,754
2026-01-02T09:31:06,SPY,728.6149,609
2026-01-02T09:31:06,QQQ,680.0468,212
2026-01-02T09:31:07,AAPL,281.4629,567
2026-01-02T09:31:07,MSFT,400.5092,197
2026-01-02T09:31:07,NVDA,193.3968,397
2026-01-02T09:31:07,TSLA,248.9816,424
2026-01-02T09:31:07,AMD,161.6106,269
2026-01-02T09:31:07,AMZN,269.2171,243
2026-01-02T09:31:07,META,610.2766,709
2026-01-02T09:31:07,GOOGL,385.8241,458
2026-01-02T09:31:07,SPY,730.2808,545
2026-01-02T09:31:07,QQQ,680.5857,479
2026-01-02T09:31:08,AAPL,281.3996,141
2026-01-02T09:31:08,MSFT,399.7200,875
2026-01-02T09:31:08,NVDA,192.9823,634
2026-01-02T09:31:08,TSLA,249.3974,181
2026-01-02T09:31:08,AMD,161.3118,458
2026-01-02T09:31:08,AMZN,268.6513,866
2026-01-02T09:31:08,META,609.8322,863
2026-01-02T09:31:08,GOOGL,386.5101,186
2026-01-02T09:31:08,SPY,729.4123,120
2026-01-02T09:31:08,QQQ,679.4757,828
2026-01-02T09:31:09,AAPL,281.6852,532
2026-01-02T09:31:09,MSFT,400.6916,705
2026-01-02T09:31:09,NVDA,193.0084,96
2026-01-02T09:31:09,TSLA,249.2074,803
2026-01-02T09:31:09,AMD,161.3002,518
2026-01-02T09:31:09,AMZN,269.2520,83
2026-01-02T09:31:09,META,611.0519,294
2026-01-02T09:31:09,GOOGL,385.5882,737
2026-01-02T09:31:09,SPY,729.0522,777
2026-01-02T09:31:09,QQQ,680.7377,396
2026-01-02T09:31:10,AAPL,281.7325,448
2026-01-02T09:31:10,MSFT,400.4099,299
2026-01-02T09:31:10,NVDA,193.1154,507
2026-01-02T09:31:10,TSLA,249.3801,704
2026-01-02T09:31:10,AMD,161.3700,794
2026-01-02T09:31:10,AMZN,269.2555,854
2026-01-02T09:31:10,META,610.9366,529
2026-01-02T09:31:10,GOOGL,386.4194,366
2026-01-02T09:31:10,SPY,729.4766,612
2026-01-02T09:31:10,QQQ,680.4710,828
2026-01-02T09:31:11,AAPL,281.3577,693
2026-01-02T09:31:11,MSFT,400.4964,81
2026-01-02T09:31:11,NVDA,193.0076,160
2026-01-02T09:31:11,TSLA,249.4396,843
2026-01-02T09:31:11,AMD,161.3927,642
2026-01-02T09:31:11,AMZN,268.6888,358
2026-01-02T09:31:11,META,611.2347,229
2026-01-02T09:31:11,GOOGL,386.3226,782
2026-01-02T09:31:11,SPY,729.0027,447
2026-01-02T09:31:11,QQQ,679.2592,153
2026-01-02T09:31:12,AAPL,281.8428,734
2026-01-02T09:31:12,MSFT,400.3878,90
2026-01-02T09:31:12,NVDA,193.3427,259
2026-01-02T09:31:12,TSLA,249.1576,217
2026-01-02T09:31:12,AMD,161.6455,650
2026-01-02T09:31:12,AMZN,268.8007,459
2026-01-02T09:31:12,META,611.0326,655
2026-01-02T09:31:12,GOOGL,386.2056,506
2026-01-02T09:31:12,SPY,729.5628,370
2026-01-02T09:31:12,QQQ,679.3298,368
2026-01-02T09:31:13,AAPL,281.9665,727
2026-01-02T09:31:13,MSFT,399.6352,478
2026-01-02T09:31:13,NVDA,193.3094,455
2026-01-02T09:31:13,TSLA,249.2226,276
2026-01-02T09:31:13,AMD,161.6134,593
2026-01-02T09:31:13,AMZN,268.4734,642
2026-01-02T09:31:13,META,609.6604,252
2026-01-02T09:31:13,GOOGL,385.5057,188
2026-01-02T09:31:13,SPY,728.7015,750
2026-01-02T09:31:13,QQQ,680.7414,685
2026-01-02T09:31:14,AAPL,281.3347,243
2026-01-02T09:31:14,MSFT,400.2486,598
2026-01-02T09:31:14,NVDA,193.3692,271
2026-01-02T09:31:14,TSLA,249.4061,709
2026-01-02T09:31:14,AMD,161.3400,255
2026-01-02T09:31:14,AMZN,269.0186,783
2026-01-02T09:31:14,META,610.9248,392
2026-01-02T09:31:14,GOOGL,385.6108,370
2026-01-02T09:31:14,SPY,728.5471,460
2026-01-02T09:31:14,QQQ,680.1549,754
2026-01-02T09:31:15,AAPL,281.9389,586
2026-01-02T09:31:15,MSFT,399.7578,759
2026-01-02T09:31:15,NVDA,192.9671,270
2026-01-02T09:31:15,TSLA,248.8162,381
2026-01-02T09:31:15,AMD,161.2100,671
2026-01-02T09:31:15,AMZN,268.5522,855
2026-01-02T09:31:15,META,610.2704,397
2026-01-02T09:31:15,GOOGL,386.6124,433
2026-01-02T09:31:15,SPY,730.1484,289
2026-01-02T09:31:15,QQQ,680.2112,259
2026-01-02T09:31:16,AAPL,281.9073,174
2026-01-02T09:31:16,MSFT,399.4830,276
2026-01-02T09:31:16,NVDA,193.2496,796
2026-01-02T09:31:16,TSLA,249.0747,342
2026-01-02T09:31:16,AMD,161.5191,122
2026-01-02T09:31:16,AMZN,268.9713,148
2026-01-02T09:31:16,META,609.9474,544
2026-01-02T09:31:16,GOOGL,386.1092,442
2026-01-02T09:31:16,SPY,730.1526,172
2026-01-02T09:31:16,QQQ,680.7594,658
2026-01-02T09:31:17,AAPL,281.8757,756
2026-01-02T09:31:17,MSFT,400.4563,738
2026-01-02T09:31:17,NVDA,193.1613,867
2026-01-02T09:31:17,TSLA,248.7172,135
2026-01-02T09:31:17,AMD,161.3076,368
2026-01-02T09:31:17,AMZN,268.6613,522
2026-01-02T09:31:17,META,610.0866,82
2026-01-02T09:31:17,GOOGL,385.5991,348
2026-01-02T09:31:17,SPY,729.1496,368
2026-01-02T09:31:17,QQQ,680.4694,183
2026-01-02T09:31:18,AAPL,281.2960,193
2026-01-02T09:31:18,MSFT,400.0271,550
2026-01-02T09:31:18,NVDA,193.2195,411
2026-01-02T09:31:18,TSLA,249.0196,224
2026-01-02T09:31:18,AMD,161.2626,616
2026-01-02T09:31:18,AMZN,268.4233,615
2026-01-02T09:31:18,META,610.2524,640
2026-01-02T09:31:18,GOOGL,385.8484,237
2026-01-02T09:31:18,SPY,729.9458,501
2026-01-02T09:31:18,QQQ,680.3510,320
2026-01-02T09:31:19,AAPL,281.9197,756
2026-01-02T09:31:19,MSFT,400.1009,407
2026-01-02T09:31:19,NVDA,193.0602,704
2026-01-02T09:31:19,TSLA,249.1033,456
2026-01-02T09:31:19,AMD,161.5908,750
2026-01-02T09:31:19,AMZN,268.5419,205
2026-01-02T09:31:19,META,611.0907,415
2026-01-02T09:31:19,GOOGL,385.6169,411
2026-01-02T09:31:19,SPY,729.5131,731
2026-01-02T09:31:19,QQQ,680.6009,126
2026-01-02T09:32:20,AAPL,281.4921,612
2026-01-02T09:32:20,MSFT,400.3486,395
2026-01-02T09:32:20,NVDA,193.3193,572
2026-01-02T09:32:20,TSLA,249.2026,373
2026-01-02T09:32:20,AMD,161.2400,457
2026-01-02T09:32:20,AMZN,268.6518,518
2026-01-02T09:32:20,META,610.8623,395
2026-01-02T09:32:20,GOOGL,385.9431,665
2026-01-02T09:32:20,SPY,729.6602,726
2026-01-02T09:32:20,QQQ,680.8660,496
2026-01-02T09:32:21,AAPL,281.8772,130
2026-01-02T09:32:21,MSFT,399.5250,461
2026-01-02T09:32:21,NVDA,192.9998,393
2026-01-02T09:32:21,TSLA,248.9541,835
2026-01-02T09:32:21,AMD,161.4603,93
2026-01-02T09:32:21,AMZN,268.6247,260
2026-01-02T09:32:21,META,609.8492,224
2026-01-02T09:32:21,GOOGL,386.1797,673
2026-01-02T09:32:21,SPY,730.6781,163
2026-01-02T09:32:21,QQQ,680.4160,887
2026-01-02T09:32:22,AAPL,281.4617,494
2026-01-02T09:32:22,MSFT,399.8072,206
2026-01-02T09:32:22,NVDA,193.2858,399
2026-01-02T09:32:22,TSLA,249.2970,420
2026-01-02T09:32:22,AMD,161.2339,221
2026-01-02T09:32:22,AMZN,268.5841,483
2026-01-02T09:32:22,META,610.3515,317
2026-01-02T09:32:22,GOOGL,386.6965,190
2026-01-02T09:32:22,SPY,730.0588,154
2026-01-02T09:32:22,QQQ,679.6126,716
2026-01-02T09:32:23,AAPL,281.9207,231
2026-01-02T09:32:23,MSFT,400.3941,157
2026-01-02T09:32:23,NVDA,193.0039,725
2026-01-02T09:32:23,TSLA,248.8813,338
2026-01-02T09:32:23,AMD,161.6765,796
2026-01-02T09:32:23,AMZN,269.0878,366
2026-01-02T09:32:23,META,610.7627,188
2026-01-02T09:32:23,GOOGL,385.9002,166
2026-01-02T09:32:23,SPY,729.6079,120
2026-01-02T09:32:23,QQQ,679.9920,427
2026-01-02T09:32:24,AAPL,281.9870,740
2026-01-02T09:32:24,MSFT,399.9404,242
2026-01-02T09:32:24,NVDA,193.3080,746
2026-01-02T09:32:24,TSLA,248.6056,893
2026-01-02T09:32:24,AMD,161.5549,813
2026-01-02T09:32:24,AMZN,268.7798,493
2026-01-02T09:32:24,META,610.5550,899
2026-01-02T09:32:24,GOOGL,385.8642,508
2026-01-02T09:32:24,SPY,730.3282,363
2026-01-02T09:32:24,QQQ,680.9098,291
2026-01-02T09:32:25,AAPL,281.6683,382
2026-01-02T09:32:25,MSFT,400.3880,772
2026-01-02T09:32:25,NVDA,192.8227,787
2026-01-02T09:32:25,TSLA,248.6220,649
2026-01-02T09:32:25,AMD,161.5760,315
2026-01-02T09:32:25,AMZN,268.4760,363
2026-01-02T09:32:25,META,610.5667,242
2026-01-02T09:32:25,GOOGL,385.9972,388
2026-01-02T09:32:25,SPY,730.1777,216
2026-01-02T09:32:25,QQQ,679.3223,358
2026-01-02T09:32:26,AAPL,281.8048,443
2026-01-02T09:32:26,MSFT,399.8018,653
2026-01-02T09:32:26,NVDA,193.0907,275
2026-01-02T09:32:26,TSLA,249.1497,714
2026-01-02T09:32:26,AMD,161.3493,674
2026-01-02T09:32:26,AMZN,268.5325,881
2026-01-02T09:32:26,META,610.7377,647
2026-01-02T09:32:26,GOOGL,386.0181,607
2026-01-02T09:32:26,SPY,729.9423,384
2026-01-02T09:32:26,QQQ,681.2103,360
2026-01-02T09:32:27,AAPL,281.5395,130
2026-01-02T09:32:27,MSFT,399.4620,557
2026-01-02T09:32:27,NVDA,193.1188,150
2026-01-02T09:32:27,TSLA,248.7724,438
2026-01-02T09:32:27,AMD,161.2500,481
2026-01-02T09:32:27,AMZN,268.7936,416
2026-01-02T09:32:27,META,610.4577,362
2026-01-02T09:32:27,GOOGL,386.4805,389
2026-01-02T09:32:27,SPY,730.3620,160
2026-01-02T09:32:27,QQQ,679.5810,524
2026-01-02T09:32:28,AAPL,281.4936,319
2026-01-02T09:32:28,MSFT,400.1447,445
2026-01-02T09:32:28,NVDA,192.7805,369
2026-01-02T09:32:28,TSLA,249.1499,465
2026-01-02T09:32:28,AMD,161.5137,364
2026-01-02T09:32:28,AMZN,268.7750,462
2026-01-02T09:32:28,META,610.5960,552
2026-01-02T09:32:28,GOOGL,386.5325,235
2026-01-02T09:32:28,SPY,730.2683,315
2026-01-02T09:32:28,QQQ,680.9545,187
2026-01-02T09:32:29,AAPL,281.9823,670
2026-01-02T09:32:29,MSFT,399.9285,556
2026-01-02T09:32:29,NVDA,193.1464,738
2026-01-02T09:32:29,TSLA,248.5770,459
2026-01-02T09:32:29,AMD,161.4572,707
2026-01-02T09:32:29,AMZN,268.8990,897
2026-01-02T09:32:29,META,610.6835,204
2026-01-02T09:32:29,GOOGL,386.5559,616
2026-01-02T09:32:29,SPY,729.0265,220
2026-01-02T09:32:29,QQQ,679.5520,757
2026-01-02T09:32:30,AAPL,281.8642,879
2026-01-02T09:32:30,MSFT,400.2606,177
2026-01-02T09:32:30,NVDA,193.0750,839
2026-01-02T09:32:30,TSLA,249.0572,90
2026-01-02T09:32:30,AMD,161.7398,677
2026-01-02T09:32:30,AMZN,268.6489,794
2026-01-02T09:32:30,META,610.9473,338
2026-01-02T09:32:30,GOOGL,386.3397,124
2026-01-02T09:32:30,SPY,730.2833,886
2026-01-02T09:32:30,QQQ,679.9396,519
2026-01-02T09:32:31,AAPL,281.5037,557
2026-01-02T09:32:31,MSFT,399.8073,165
2026-01-02T09:32:31,NVDA,193.2587,255
2026-01-02T09:32:31,TSLA,248.6293,251
2026-01-02T09:32:31,AMD,161.4780,834
2026-01-02T09:32:31,AMZN,268.6325,691
2026-01-02T09:32:31,META,611.0055,638
2026-01-02T09:32:31,GOOGL,386.7294,756
2026-01-02T09:32:31,SPY,730.9018,835
2026-01-02T09:32:31,QQQ,680.7991,475
2026-01-02T09:32:32,AAPL,281.9147,285
2026-01-02T09:32:32,MSFT,400.2467,617
2026-01-02T09:32:32,NVDA,193.0778,759
2026-01-02T09:32:32,TSLA,249.1540,495
2026-01-02T09:32:32,AMD,161.5749,537
2026-01-02T09:32:32,AMZN,268.3932,397
2026-01-02T09:32:32,META,610.1931,608
2026-01-02T09:32:32,GOOGL,385.9267,847
2026-01-02T09:32:32,SPY,730.2437,439
2026-01-02T09:32:32,QQQ,681.3224,783
2026-01-02T09:32:33,AAPL,281.1326,504
2026-01-02T09:32:33,MSFT,399.6678,343
2026-01-02T09:32:33,NVDA,192.9828,804
2026-01-02T09:32:33,TSLA,249.1293,385
2026-01-02T09:32:33,AMD,161.4983,459
2026-01-02T09:32:33,AMZN,268.4626,528
2026-01-02T09:32:33,META,610.7618,408
2026-01-02T09:32:33,GOOGL,385.8855,449
2026-01-02T09:32:33,SPY,729.0323,587
2026-01-02T09:32:33,QQQ,680.3420,453
2026-01-02T09:32:34,AAPL,281.2664,169
2026-01-02T09:32:34,MSFT,400.1032,577
2026-01-02T09:32:34,NVDA,192.7770,252
2026-01-02T09:32:34,TSLA,248.7192,269
2026-01-02T09:32:34,AMD,161.4412,565
2026-01-02T09:32:34,AMZN,268.6915,407
2026-01-02T09:32:34,META,609.9243,345
2026-01-02T09:32:34,GOOGL,386.5314,174
2026-01-02T09:32:34,SPY,729.7993,421
2026-01-02T09:32:34,QQQ,679.8247,85
2026-01-02T09:32:35,AAPL,281.2682,231
2026-01-02T09:32:35,MSFT,400.0104,713
2026-01-02T09:32:35,NVDA,192.9213,714
2026-01-02T09:32:35,TSLA,249.1485,535
2026-01-02T09:32:35,AMD,161.3846,592
2026-01-02T09:32:35,AMZN,268.5387,610
2026-01-02T09:32:35,META,609.9590,225
2026-01-02T09:32:35,GOOGL,385.8454,428
2026-01-02T09:32:35,SPY,730.9902,893
2026-01-02T09:32:35,QQQ,679.8053,672
2026-01-02T09:32:36,AAPL,281.0965,130
2026-01-02T09:32:36,MSFT,400.0797,167
2026-01-02T09:32:36,NVDA,192.7578,455
2026-01-02T09:32:36,TSLA,248.6779,574
2026-01-02T09:32:36,AMD,161.7784,363
2026-01-02T09:32:36,AMZN,268.8668,139
2026-01-02T09:32:36,META,610.8566,314
2026-01-02T09:32:36,GOOGL,386.0052,148
2026-01-02T09:32:36,SPY,730.0821,664
2026-01-02T09:32:36,QQQ,679.6718,849
2026-01-02T09:32:37,AAPL,281.7808,751
2026-01-02T09:32:37,MSFT,399.3958,109
2026-01-02T09:32:37,NVDA,192.7296,679
2026-01-02T09:32:37,TSLA,248.7845,606
2026-01-02T09:32:37,AMD,161.4069,530
2026-01-02T09:32:37,AMZN,268.3919,283
2026-01-02T09:32:37,META,610.5297,696
2026-01-02T09:32:37,GOOGL,386.5438,744
2026-01-02T09:32:37,SPY,730.0852,220
2026-01-02T09:32:37,QQQ,680.8404,263
2026-01-02T09:32:38,AAPL,281.6945,638
2026-01-02T09:32:38,MSFT,399.8942,696
2026-01-02T09:32:38,NVDA,192.7184,290
2026-01-02T09:32:38,TSLA,248.9793,498
2026-01-02T09:32:38,AMD,161.4396,450
2026-01-02T09:32:38,AMZN,268.9843,277
2026-01-02T09:32:38,META,609.9894,821
2026-01-02T09:32:38,GOOGL,386.1735,385
2026-01-02T09:32:38,SPY,729.3001,760
2026-01-02T09:32:38,QQQ,681.4190,412
2026-01-02T09:32:39,AAPL,281.8098,127
2026-01-02T09:32:39,MSFT,400.2513,446
2026-01-02T09:32:39,NVDA,193.2131,193
2026-01-02T09:32:39,TSLA,248.9790,239
2026-01-02T09:32:39,AMD,161.4166,836
2026-01-02T09:32:39,AMZN,268.7075,557
2026-01-02T09:32:39,META,609.6011,347
2026-01-02T09:32:39,GOOGL,386.7603,333
2026-01-02T09:32:39,SPY,729.1105,822
2026-01-02T09:32:39,QQQ,680.7511,727
2026-01-02T09:32:40,AAPL,281.3959,731
2026-01-02T09:32:40,MSFT,400.2521,852
2026-01-02T09:32:40,NVDA,192.9780,689
2026-01-02T09:32:40,TSLA,248.9542,513
2026-01-02T09:32:40,AMD,161.6567,767
2026-01-02T09:32:40,AMZN,268.8520,439
2026-01-02T09:32:40,META,610.4002,530
2026-01-02T09:32:40,GOOGL,386.1040,897
2026-01-02T09:32:40,SPY,729.4182,497
2026-01-02T09:32:40,QQQ,680.4300,529
2026-01-02T09:32:41,AAPL,281.2918,80
2026-01-02T09:32:41,MSFT,399.8858,618
2026-01-02T09:32:41,NVDA,192.8746,347
2026-01-02T09:32:41,TSLA,248.7668,884
2026-01-02T09:32:41,AMD,161.6225,291
2026-01-02T09:32:41,AMZN,268.9723,846
2026-01-02T09:32:41,META,610.3894,228
2026-01-02T09:32:41,GOOGL,386.0900,460
2026-01-02T09:32:41,SPY,729.6965,579
2026-01-02T09:32:41,QQQ,681.4425,801
2026-01-02T09:32:42,AAPL,281.5848,89
2026-01-02T09:32:42,MSFT,400.0528,695
2026-01-02T09:32:42,NVDA,192.7471,563
2026-01-02T09:32:42,TSLA,248.6985,301
2026-01-02T09:32:42,AMD,161.7118,385
2026-01-02T09:32:42,AMZN,268.8972,390
2026-01-02T09:32:42,META,609.4101,171
2026-01-02T09:32:42,GOOGL,386.9012,764
2026-01-02T09:32:42,SPY,729.3761,298
2026-01-02T09:32:42,QQQ,679.8685,532
2026-01-02T09:32:43,AAPL,281.7992,317
2026-01-02T09:32:43,MSFT,399.4712,764
2026-01-02T09:32:43,NVDA,193.1420,555
2026-01-02T09:32:43,TSLA,248.8554,433
2026-01-02T09:32:43,AMD,161.7548,363
2026-01-02T09:32:43,AMZN,268.2778,394
2026-01-02T09:32:43,META,609.2763,208
2026-01-02T09:32:43,GOOGL,386.6899,109
2026-01-02T09:32:43,SPY,729.1532,261
2026-01-02T09:32:43,QQQ,679.9838,881
2026-01-02T09:32:44,AAPL,281.3743,378
2026-01-02T09:32:44,MSFT,399.4245,112
2026-01-02T09:32:44,NVDA,192.9929,595
2026-01-02T09:32:44,TSLA,248.4954,715
2026-01-02T09:32:44,AMD,161.4705,227
2026-01-02T09:32:44,AMZN,268.6648,535
2026-01-02T09:32:44,META,609.2794,689
2026-01-02T09:32:44,GOOGL,386.9791,359
2026-01-02T09:32:44,SPY,729.6750,646
2026-01-02T09:32:44,QQQ,681.4098,865
2026-01-02T09:32:45,AAPL,280.9902,91
2026-01-02T09:32:45,MSFT,399.1977,493
2026-01-02T09:32:45,NVDA,192.9010,441
2026-01-02T09:32:45,TSLA,248.8662,367
2026-01-02T09:32:45,AMD,161.5363,189
2026-01-02T09:32:45,AMZN,268.7552,94
2026-01-02T09:32:45,META,609.5329,763
2026-01-02T09:32:45,GOOGL,386.5187,704
2026-01-02T09:32:45,SPY,729.3087,882
2026-01-02T09:32:45,QQQ,680.0891,643
2026-01-02T09:32:46,AAPL,281.1768,255
2026-01-02T09:32:46,MSFT,399.7682,160
2026-01-02T09:32:46,NVDA,192.8631,536
2026-01-02T09:32:46,TSLA,248.9596,345
2026-01-02T09:32:46,AMD,161.3855,691
2026-01-02T09:32:46,AMZN,268.8041,604
2026-01-02T09:32:46,META,610.5740,613
2026-01-02T09:32:46,GOOGL,386.0883,873
2026-01-02T09:32:46,SPY,730.0885,593
2026-01-02T09:32:46,QQQ,679.9427,717
2026-01-02T09:32:47,AAPL,281.6810,354
2026-01-02T09:32:47,MSFT,399.0243,519
2026-01-02T09:32:47,NVDA,193.1308,507
2026-01-02T09:32:47,TSLA,249.0794,549
2026-01-02T09:32:47,AMD,161.4041,265
2026-01-02T09:32:47,AMZN,268.6709,123
2026-01-02T09:32:47,META,609.9097,722
2026-01-02T09:32:47,GOOGL,386.7357,890
2026-01-02T09:32:47,SPY,730.4086,387
2026-01-02T09:32:47,QQQ,680.3998,413
2026-01-02T09:32:48,AAPL,281.2929,289
2026-01-02T09:32:48,MSFT,399.9398,816
2026-01-02T09:32:48,NVDA,192.6538,674
2026-01-02T09:32:48,TSLA,248.9628,401
2026-01-02T09:32:48,AMD,161.4852,347
2026-01-02T09:32:48,AMZN,268.3774,566
2026-01-02T09:32:48,META,610.5896,820
2026-01-02T09:32:48,GOOGL,386.6132,88
2026-01-02T09:32:48,SPY,731.0283,637
2026-01-02T09:32:48,QQQ,681.5229,610
2026-01-02T09:32:49,AAPL,281.5909,519
2026-01-02T09:32:49,MSFT,399.4013,852
2026-01-02T09:32:49,NVDA,193.1216,582
2026-01-02T09:32:49,TSLA,248.8601,407
2026-01-02T09:32:49,AMD,161.7573,702
2026-01-02T09:32:49,AMZN,268.3979,658
2026-01-02T09:32:49,META,609.8274,359
2026-01-02T09:32:49,GOOGL,386.2664,472
2026-01-02T09:32:49,SPY,729.7651,729
2026-01-02T09:32:49,QQQ,681.0450,620
2026-01-02T09:32:50,AAPL,281.5415,545
2026-01-02T09:32:50,MSFT,399.7082,808
2026-01-02T09:32:50,NVDA,192.6924,839
2026-01-02T09:32:50,TSLA,248.5203,456
2026-01-02T09:32:50,AMD,161.4957,771
2026-01-02T09:32:50,AMZN,268.7471,624
2026-01-02T09:32:50,META,610.3866,540
2026-01-02T09:32:50,GOOGL,386.1934,608
2026-01-02T09:32:50,SPY,729.4464,808
2026-01-02T09:32:50,QQQ,680.8748,284
2026-01-02T09:32:51,AAPL,281.3504,206
2026-01-02T09:32:51,MSFT,399.5230,106
2026-01-02T09:32:51,NVDA,192.9733,86
2026-01-02T09:32:51,TSLA,248.9607,521
2026-01-02T09:32:51,AMD,161.5710,520
2026-01-02T09:32:51,AMZN,268.6460,440
2026-01-02T09:32:51,META,609.0325,701
2026-01-02T09:32:51,GOOGL,386.5093,775
2026-01-02T09:32:51,SPY,729.8993,708
2026-01-02T09:32:51,QQQ,680.5357,272
2026-01-02T09:32:52,AAPL,280.9606,638
2026-01-02T09:32:52,MSFT,399.1651,515
2026-01-02T09:32:52,NVDA,192.7654,506
2026-01-02T09:32:52,TSLA,248.7956,716
2026-01-02T09:32:52,AMD,161.5889,575
2026-01-02T09:32:52,AMZN,268.2447,736
2026-01-02T09:32:52,META,609.6882,752
2026-01-02T09:32:52,GOOGL,386.6066,330
2026-01-02T09:32:52,SPY,730.6427,128
2026-01-02T09:32:52,QQQ,680.1867,743
2026-01-02T09:32:53,AAPL,281.2476,93
2026-01-02T09:32:53,MSFT,398.9698,508
2026-01-02T09:32:53,NVDA,193.0432,866
2026-01-02T09:32:53,TSLA,248.4679,754
2026-01-02T09:32:53,AMD,161.6541,741
2026-01-02T09:32:53,AMZN,268.5208,268
2026-01-02T09:32:53,META,609.9609,538
2026-01-02T09:32:53,GOOGL,386.7490,694
2026-01-02T09:32:53,SPY,731.0055,128
2026-01-02T09:32:53,QQQ,681.0366,411
2026-01-02T09:32:54,AAPL,280.9938,900
2026-01-02T09:32:54,MSFT,398.9408,378
2026-01-02T09:32:54,NVDA,192.8484,196
2026-01-02T09:32:54,TSLA,248.3529,632
2026-01-02T09:32:54,AMD,161.6341,599
2026-01-02T09:32:54,AMZN,268.5252,571
2026-01-02T09:32:54,META,609.4731,531
2026-01-02T09:32:54,GOOGL,386.4119,299
2026-01-02T09:32:54,SPY,731.3723,345
2026-01-02T09:32:54,QQQ,681.8753,400
2026-01-02T09:32:55,AAPL,281.5619,221
2026-01-02T09:32:55,MSFT,399.2781,106
2026-01-02T09:32:55,NVDA,192.8177,277
2026-01-02T09:32:55,TSLA,248.8103,779
2026-01-02T09:32:55,AMD,161.4410,337
2026-01-02T09:32:55,AMZN,268.7385,507
2026-01-02T09:32:55,META,609.9600,131
2026-01-02T09:32:55,GOOGL,386.4503,736
2026-01-02T09:32:55,SPY,730.2646,670
2026-01-02T09:32:55,QQQ,681.6640,158
2026-01-02T09:32:56,AAPL,281.3867,133
2026-01-02T09:32:56,MSFT,399.7790,756
2026-01-02T09:32:56,NVDA,192.6880,393
2026-01-02T09:32:56,TSLA,249.0403,587
2026-01-02T09:32:56,AMD,161.6811,589
2026-01-02T09:32:56,AMZN,268.5117,866
2026-01-02T09:32:56,META,610.1903,246
2026-01-02T09:32:56,GOOGL,387.0557,392
2026-01-02T09:32:56,SPY,729.9686,236
2026-01-02T09:32:56,QQQ,680.1233,688
2026-01-02T09:32:57,AAPL,281.1031,516
2026-01-02T09:32:57,MSFT,399.9610,899
2026-01-02T09:32:57,NVDA,192.9910,478
2026-01-02T09:32:57,TSLA,248.4798,543
2026-01-02T09:32:57,AMD,161.7685,129
2026-01-02T09:32:57,AMZN,268.4818,685
2026-01-02T09:32:57,META,609.1317,243
2026-01-02T09:32:57,GOOGL,387.1288,601
2026-01-02T09:32:57,SPY,730.8968,288
2026-01-02T09:32:57,QQQ,680.6449,168
2026-01-02T09:32:58,AAPL,281.4781,665
2026-01-02T09:32:58,MSFT,398.9172,637
2026-01-02T09:32:58,NVDA,192.5697,140
2026-01-02T09:32:58,TSLA,249.0316,708
2026-01-02T09:32:58,AMD,161.5175,227
2026-01-02T09:32:58,AMZN,268.5122,521
2026-01-02T09:32:58,META,610.2536,425
2026-01-02T09:32:58,GOOGL,386.1689,862
2026-01-02T09:32:58,SPY,731.5648,293
2026-01-02T09:32:58,QQQ,681.1642,257
2026-01-02T09:32:59,AAPL,280.9071,641
2026-01-02T09:32:59,MSFT,399.0880,130
2026-01-02T09:32:59,NVDA,193.0277,791
2026-01-02T09:32:59,TSLA,248.8590,178
2026-01-02T09:32:59,AMD,161.5795,652
2026-01-02T09:32:59,AMZN,268.1018,240
2026-01-02T09:32:59,META,609.4907,439
2026-01-02T09:32:59,GOOGL,386.1256,202
2026-01-02T09:32:59,SPY,730.4256,674
2026-01-02T09:32:59,QQQ,681.8845,328
2026-01-02T09:32:00,AAPL,281.0923,622
2026-01-02T09:32:00,MSFT,399.9435,353
2026-01-02T09:32:00,NVDA,192.6733,635
2026-01-02T09:32:00,TSLA,248.3085,160
2026-01-02T09:32:00,AMD,161.7826,673
2026-01-02T09:32:00,AMZN,268.7427,476
2026-01-02T09:32:00,META,610.3612,357
2026-01-02T09:32:00,GOOGL,387.0226,444
2026-01-02T09:32:00,SPY,731.5737,631
2026-01-02T09:32:00,QQQ,680.0949,658
2026-01-02T09:32:01,AAPL,281.0950,785
2026-01-02T09:32:01,MSFT,399.0291,289
2026-01-02T09:32:01,NVDA,192.9128,629
2026-01-02T09:32:01,TSLA,248.2745,739
2026-01-02T09:32:01,AMD,161.4969,883
2026-01-02T09:32:01,AMZN,268.4502,208
2026-01-02T09:32:01,META,610.1836,891
2026-01-02T09:32:01,GOOGL,387.0091,429
2026-01-02T09:32:01,SPY,731.4202,471
2026-01-02T09:32:01,QQQ,681.5595,689
2026-01-02T09:32:02,AAPL,281.2155,610
2026-01-02T09:32:02,MSFT,399.1631,567
2026-01-02T09:32:02,NVDA,192.8577,887
2026-01-02T09:32:02,TSLA,248.2613,105
2026-01-02T09:32:02,AMD,161.6652,803
2026-01-02T09:32:02,AMZN,268.7023,763
2026-01-02T09:32:02,META,610.0976,660
2026-01-02T09:32:02,GOOGL,387.1819,577
2026-01-02T09:32:02,SPY,730.3995,338
2026-01-02T09:32:02,QQQ,680.8685,823
2026-01-02T09:32:03,AAPL,280.8804,868
2026-01-02T09:32:03,MSFT,399.3238,231
2026-01-02T09:32:03,NVDA,192.8499,781
2026-01-02T09:32:03,TSLA,248.2797,488
2026-01-02T09:32:03,AMD,161.9030,422
2026-01-02T09:32:03,AMZN,268.2920,236
2026-01-02T09:32:03,META,610.3068,218
2026-01-02T09:32:03,GOOGL,386.4651,849
2026-01-02T09:32:03,SPY,730.9331,835
2026-01-02T09:32:03,QQQ,682.0561,227
2026-01-02T09:32:04,AAPL,280.9472,150
2026-01-02T09:32:04,MSFT,399.0933,488
2026-01-02T09:32:04,NVDA,192.6888,106
2026-01-02T09:32:04,TSLA,248.4294,427
2026-01-02T09:32:04,AMD,161.5540,749
2026-01-02T09:32:04,AMZN,268.2385,242
2026-01-02T09:32:04,META,609.8828,839
2026-01-02T09:32:04,GOOGL,387.2635,559
2026-01-02T09:32:04,SPY,730.3279,187
2026-01-02T09:32:04,QQQ,680.7174,868
2026-01-02T09:32:05,AAPL,281.2627,268
2026-01-02T09:32:05,MSFT,399.7264,591
2026-01-02T09:32:05,NVDA,192.6636,382
2026-01-02T09:32:05,TSLA,248.5739,553
2026-01-02T09:32:05,AMD,161.5157,547
2026-01-02T09:32:05,AMZN,268.5215,534
2026-01-02T09:32:05,META,609.9539,831
2026-01-02T09:32:05,GOOGL,386.2674,249
2026-01-02T09:32:05,SPY,731.1762,129
2026-01-02T09:32:05,QQQ,681.7391,472
2026-01-02T09:32:06,AAPL,281.0969,628
2026-01-02T09:32:06,MSFT,399.9143,118
2026-01-02T09:32:06,NVDA,192.8165,241
2026-01-02T09:32:06,TSLA,248.2905,356
2026-01-02T09:32:06,AMD,161.6329,898
2026-01-02T09:32:06,AMZN,268.5067,167
2026-01-02T09:32:06,META,608.7086,766
2026-01-02T09:32:06,GOOGL,386.5306,849
2026-01-02T09:32:06,SPY,731.1264,273
2026-01-02T09:32:06,QQQ,682.1185,533
2026-01-02T09:32:07,AAPL,281.0086,411
2026-01-02T09:32:07,MSFT,399.4140,543
2026-01-02T09:32:07,NVDA,192.6662,222
2026-01-02T09:32:07,TSLA,248.7874,544
2026-01-02T09:32:07,AMD,161.6728,673
2026-01-02T09:32:07,AMZN,268.5794,252
2026-01-02T09:32:07,META,610.0336,357
2026-01-02T09:32:07,GOOGL,387.0041,122
2026-01-02T09:32:07,SPY,731.5793,238
2026-01-02T09:32:07,QQQ,681.3421,420
2026-01-02T09:32:08,AAPL,281.4902,219
2026-01-02T09:32:08,MSFT,399.4222,302
2026-01-02T09:32:08,NVDA,193.0608,187
2026-01-02T09:32:08,TSLA,248.7901,361
2026-01-02T09:32:08,AMD,161.6926,342
2026-01-02T09:32:08,AMZN,268.6997,569
2026-01-02T09:32:08,META,609.7814,528
2026-01-02T09:32:08,GOOGL,386.3148,738
2026-01-02T09:32:08,SPY,730.6468,249
2026-01-02T09:32:08,QQQ,681.2471,650
2026-01-02T09:32:09,AAPL,280.7953,585
2026-01-02T09:32:09,MSFT,399.0166,583
2026-01-02T09:32:09,NVDA,192.9945,442
2026-01-02T09:32:09,TSLA,248.5077,575
2026-01-02T09:32:09,AMD,161.6489,247
2026-01-02T09:32:09,AMZN,268.4210,382
2026-01-02T09:32:09,META,609.8102,156
2026-01-02T09:32:09,GOOGL,386.7476,766
2026-01-02T09:32:09,SPY,730.9421,507
2026-01-02T09:32:09,QQQ,680.7457,683
2026-01-02T09:32:10,AAPL,280.7703,257
2026-01-02T09:32:10,MSFT,398.8240,390
2026-01-02T09:32:10,NVDA,192.5648,83
2026-01-02T09:32:10,TSLA,248.3781,480
2026-01-02T09:32:10,AMD,161.6962,567
2026-01-02T09:32:10,AMZN,268.1629,878
2026-01-02T09:32:10,META,610.1014,266
2026-01-02T09:32:10,GOOGL,386.6083,855
2026-01-02T09:32:10,SPY,730.4405,110
2026-01-02T09:32:10,QQQ,681.0454,876
2026-01-02T09:32:11,AAPL,280.8292,275
2026-01-02T09:32:11,MSFT,399.7622,141
2026-01-02T09:32:11,NVDA,192.8044,102
2026-01-02T09:32:11,TSLA,248.5609,479
2026-01-02T09:32:11,AMD,161.6054,699
2026-01-02T09:32:11,AMZN,267.9578,745
2026-01-02T09:32:11,META,609.0258,482
2026-01-02T09:32:11,GOOGL,386.4341,696
2026-01-02T09:32:11,SPY,731.9093,872
2026-01-02T09:32:11,QQQ,680.7338,500
2026-01-02T09:32:12,AAPL,280.7788,376
2026-01-02T09:32:12,MSFT,399.7570,827
2026-01-02T09:32:12,NVDA,192.8851,668
2026-01-02T09:32:12,TSLA,248.4519,384
2026-01-02T09:32:12,AMD,161.6379,91
2026-01-02T09:32:12,AMZN,268.5046,721
2026-01-02T09:32:12,META,608.9434,391
2026-01-02T09:32:12,GOOGL,387.1295,858
2026-01-02T09:32:12,SPY,730.1696,431
2026-01-02T09:32:12,QQQ,680.9527,323
2026-01-02T09:32:13,AAPL,281.2738,601
2026-01-02T09:32:13,MSFT,398.6461,413
2026-01-02T09:32:13,NVDA,192.8207,463
2026-01-02T09:32:13,TSLA,248.2949,101
2026-01-02T09:32:13,AMD,161.6041,721
2026-01-02T09:32:13,AMZN,268.0428,733
2026-01-02T09:32:13,META,609.9604,632
2026-01-02T09:32:13,GOOGL,386.4419,165
2026-01-02T09:32:13,SPY,731.5039,650
2026-01-02T09:32:13,QQQ,682.0971,644
2026-01-02T09:32:14,AAPL,281.4539,464
2026-01-02T09:32:14,MSFT,398.8805,770
2026-01-02T09:32:14,NVDA,192.9426,686
2026-01-02T09:32:14,TSLA,248.5554,317
2026-01-02T09:32:14,AMD,161.6559,518
2026-01-02T09:32:14,AMZN,268.4260,644
2026-01-02T09:32:14,META,609.1876,143
2026-01-02T09:32:14,GOOGL,386.3146,95
2026-01-02T09:32:14,SPY,729.9393,89
2026-01-02T09:32:14,QQQ,682.2928,340
2026-01-02T09:32:15,AAPL,281.2553,333
2026-01-02T09:32:15,MSFT,399.1879,597
2026-01-02T09:32:15,NVDA,192.8786,811
2026-01-02T09:32:15,TSLA,248.4077,364
2026-01-02T09:32:15,AMD,161.9925,275
2026-01-02T09:32:15,AMZN,268.5366,535
2026-01-02T09:32:15,META,608.6785,489
2026-01-02T09:32:15,GOOGL,387.3248,316
2026-01-02T09:32:15,SPY,731.7272,104
2026-01-02T09:32:15,QQQ,682.1203,679
2026-01-02T09:32:16,AAPL,281.2243,722
2026-01-02T09:32:16,MSFT,399.3029,131
2026-01-02T09:32:16,NVDA,192.9065,227
2026-01-02T09:32:16,TSLA,248.3263,846
2026-01-02T09:32:16,AMD,161.9953,123
2026-01-02T09:32:16,AMZN,268.2706,275
2026-01-02T09:32:16,META,609.5826,723
2026-01-02T09:32:16,GOOGL,386.8405,511
2026-01-02T09:32:16,SPY,731.6899,632
2026-01-02T09:32:16,QQQ,681.3598,132
2026-01-02T09:32:17,AAPL,280.9980,397
2026-01-02T09:32:17,MSFT,399.1032,429
2026-01-02T09:32:17,NVDA,192.6397,856
2026-01-02T09:32:17,TSLA,248.5774,699
2026-01-02T09:32:17,AMD,161.9489,169
2026-01-02T09:32:17,AMZN,268.4921,408
2026-01-02T09:32:17,META,608.2564,580
2026-01-02T09:32:17,GOOGL,386.4913,506
2026-01-02T09:32:17,SPY,730.2202,313
2026-01-02T09:32:17,QQQ,682.0885,361
2026-01-02T09:32:18,AAPL,281.3455,650
2026-01-02T09:32:18,MSFT,399.7735,146
2026-01-02T09:32:18,NVDA,192.9935,684
2026-01-02T09:32:18,TSLA,248.4494,846
2026-01-02T09:32:18,AMD,161.9118,744
2026-01-02T09:32:18,AMZN,267.8904,163
2026-01-02T09:32:18,META,608.9662,603
2026-01-02T09:32:18,GOOGL,386.8483,261
2026-01-02T09:32:18,SPY,730.6806,786
2026-01-02T09:32:18,QQQ,680.4790,470
2026-01-02T09:32:19,AAPL,280.8794,383
2026-01-02T09:32:19,MSFT,398.9720,808
2026-01-02T09:32:19,NVDA,192.5762,716
2026-01-02T09:32:19,TSLA,248.4813,526
2026-01-02T09:32:19,AMD,161.5512,832
2026-01-02T09:32:19,AMZN,268.4384,476
2026-01-02T09:32:19,META,608.6071,526
2026-01-02T09:32:19,GOOGL,386.9730,555
2026-01-02T09:32:19,SPY,731.5114,225
2026-01-02T09:32:19,QQQ,681.8247,304
2026-01-02T09:32:20,AAPL,281.2529,289
2026-01-02T09:32:20,MSFT,399.3549,505
2026-01-02T09:32:20,NVDA,192.7161,722
2026-01-02T09:32:20,TSLA,248.7222,397
2026-01-02T09:32:20,AMD,161.5624,86
2026-01-02T09:32:20,AMZN,268.5429,276
2026-01-02T09:32:20,META,608.5995,157
2026-01-02T09:32:20,GOOGL,387.4440,757
2026-01-02T09:32:20,SPY,730.3595,825
2026-01-02T09:32:20,QQQ,680.5226,314
2026-01-02T09:32:21,AAPL,281.2011,141
2026-01-02T09:32:21,MSFT,398.5575,504
2026-01-02T09:32:21,NVDA,192.4233,702
2026-01-02T09:32:21,TSLA,248.5194,667
2026-01-02T09:32:21,AMD,161.6412,789
2026-01-02T09:32:21,AMZN,268.1658,259
2026-01-02T09:32:21,META,608.9557,609
2026-01-02T09:32:21,GOOGL,387.3248,303
2026-01-02T09:32:21,SPY,731.7211,313
2026-01-02T09:32:21,QQQ,682.3452,667
2026-01-02T09:32:22,AAPL,280.8343,140
2026-01-02T09:32:22,MSFT,399.3999,726
2026-01-02T09:32:22,NVDA,192.7775,665
2026-01-02T09:32:22,TSLA,248.2032,301
2026-01-02T09:32:22,AMD,161.7101,875
2026-01-02T09:32:22,AMZN,268.2843,681
2026-01-02T09:32:22,META,609.4920,315
2026-01-02T09:32:22,GOOGL,387.5443,608
2026-01-02T09:32:22,SPY,731.6913,406
2026-01-02T09:32:22,QQQ,681.6194,547
2026-01-02T09:32:23,AAPL,280.6990,886
2026-01-02T09:32:23,MSFT,398.7070,791
2026-01-02T09:32:23,NVDA,192.4286,748
2026-01-02T09:32:23,TSLA,248.6139,356
2026-01-02T09:32:23,AMD,161.9023,375
2026-01-02T09:32:23,AMZN,268.4432,296
2026-01-02T09:32:23,META,609.0932,266
2026-01-02T09:32:23,GOOGL,387.3461,638
2026-01-02T09:32:23,SPY,732.2372,559
2026-01-02T09:32:23,QQQ,682.4446,741
2026-01-02T09:32:24,AAPL,281.2560,142
2026-01-02T09:32:24,MSFT,399.6117,766
2026-01-02T09:32:24,NVDA,192.9016,259
2026-01-02T09:32:24,TSLA,248.5905,480
2026-01-02T09:32:24,AMD,161.6105,480
2026-01-02T09:32:24,AMZN,268.0966,538
