timestamp,symbol,price,volume
2026-01-02T09:30:00,AAPL,279.1436,380
2026-01-02T09:30:00,MSFT,400.2365,180
2026-01-02T09:30:00,NVDA,200.3282,676
2026-01-02T09:30:00,TSLA,275.4683,569
2026-01-02T09:30:00,AMD,160.2973,600
2026-01-02T09:30:00,AMZN,275.2877,813
2026-01-02T09:30:00,META,590.2278,324
2026-01-02T09:30:00,GOOGL,366.6764,540
2026-01-02T09:30:00,SPY,777.1894,728
2026-01-02T09:30:00,QQQ,680.7884,586
2026-01-02T09:30:01,AAPL,279.6992,229
2026-01-02T09:30:01,MSFT,400.3979,578
2026-01-02T09:30:01,NVDA,199.7903,555
2026-01-02T09:30:01,TSLA,275.5954,362
2026-01-02T09:30:01,AMD,160.1677,842
2026-01-02T09:30:01,AMZN,275.3442,737
2026-01-02T09:30:01,META,591.8185,404
2026-01-02T09:30:01,GOOGL,367.0038,490
2026-01-02T09:30:01,SPY,777.3127,274
2026-01-02T09:30:01,QQQ,679.7068,150
2026-01-02T09:30:02,AAPL,279.1309,431
2026-01-02T09:30:02,MSFT,400.3335,234
2026-01-02T09:30:02,NVDA,200.1955,868
2026-01-02T09:30:02,TSLA,275.6566,794
2026-01-02T09:30:02,AMD,160.2531,431
2026-01-02T09:30:02,AMZN,275.3963,489
2026-01-02T09:30:02,META,590.7947,586
2026-01-02T09:30:02,GOOGL,366.8397,561
2026-01-02T09:30:02,SPY,776.6429,855
2026-01-02T09:30:02,QQQ,679.7350,246
2026-01-02T09:30:03,AAPL,279.2614,118
2026-01-02T09:30:03,MSFT,400.1838,811
2026-01-02T09:30:03,NVDA,200.1419,554
2026-01-02T09:30:03,TSLA,275.3273,140
2026-01-02T09:30:03,AMD,160.2842,342
2026-01-02T09:30:03,AMZN,275.2509,769
2026-01-02T09:30:03,META,590.9153,692
2026-01-02T09:30:03,GOOGL,366.9576,596
2026-01-02T09:30:03,SPY,777.0387,877
2026-01-02T09:30:03,QQQ,679.7842,716
2026-01-02T09:30:04,AAPL,279.5184,188
2026-01-02T09:30:04,MSFT,399.5721,635
2026-01-02T09:30:04,NVDA,200.1836,637
2026-01-02T09:30:04,TSLA,275.6309,308
2026-01-02T09:30:04,AMD,160.5434,227
2026-01-02T09:30:04,AMZN,275.0884,211
2026-01-02T09:30:04,META,590.4470,512
2026-01-02T09:30:04,GOOGL,366.4267,690
2026-01-02T09:30:04,SPY,774.9578,414
2026-01-02T09:30:04,QQQ,680.9188,672
2026-01-02T09:30:05,AAPL,279.2950,871
2026-01-02T09:30:05,MSFT,400.5771,290
2026-01-02T09:30:05,NVDA,200.1875,867
2026-01-02T09:30:05,TSLA,275.5468,583
2026-01-02T09:30:05,AMD,160.1518,801
2026-01-02T09:30:05,AMZN,275.0632,400
2026-01-02T09:30:05,META,590.5513,628
2026-01-02T09:30:05,GOOGL,366.7282,518
2026-01-02T09:30:05,SPY,775.8950,821
2026-01-02T09:30:05,QQQ,681.3635,514
2026-01-02T09:30:06,AAPL,279.0084,757
2026-01-02T09:30:06,MSFT,400.3000,554
2026-01-02T09:30:06,NVDA,200.2267,90
2026-01-02T09:30:06,TSLA,275.2639,490
2026-01-02T09:30:06,AMD,160.1936,161
2026-01-02T09:30:06,AMZN,275.3387,220
2026-01-02T09:30:06,META,591.1032,266
2026-01-02T09:30:06,GOOGL,365.9678,134
2026-01-02T09:30:06,SPY,776.4915,102
2026-01-02T09:30:06,QQQ,680.8084,411
2026-01-02T09:30:07,AAPL,279.0753,145
2026-01-02T09:30:07,MSFT,399.5488,838
2026-01-02T09:30:07,NVDA,200.4079,417
2026-01-02T09:30:07,TSLA,275.8169,827
2026-01-02T09:30:07,AMD,160.5154,806
2026-01-02T09:30:07,AMZN,275.5747,664
2026-01-02T09:30:07,META,591.9805,572
2026-01-02T09:30:07,GOOGL,366.1310,273
2026-01-02T09:30:07,SPY,775.0565,781
2026-01-02T09:30:07,QQQ,679.4789,502
2026-01-02T09:30:08,AAPL,279.2657,667
2026-01-02T09:30:08,MSFT,400.6492,293
2026-01-02T09:30:08,NVDA,200.0892,863
2026-01-02T09:30:08,TSLA,275.9497,519
2026-01-02T09:30:08,AMD,160.4813,351
2026-01-02T09:30:08,AMZN,275.7393,598
2026-01-02T09:30:08,META,591.9050,614
2026-01-02T09:30:08,GOOGL,366.1980,497
2026-01-02T09:30:08,SPY,776.4243,815
2026-01-02T09:30:08,QQQ,680.4527,525
2026-01-02T09:30:09,AAPL,279.1572,596
2026-01-02T09:30:09,MSFT,400.3856,274
2026-01-02T09:30:09,NVDA,199.8515,823
2026-01-02T09:30:09,TSLA,275.8221,571
2026-01-02T09:30:09,AMD,160.1457,546
2026-01-02T09:30:09,AMZN,275.6628,188
2026-01-02T09:30:09,META,592.0338,160
2026-01-02T09:30:09,GOOGL,366.3118,272
2026-01-02T09:30:09,SPY,776.4313,834
2026-01-02T09:30:09,QQQ,680.8214,666
2026-01-02T09:30:10,AAPL,279.0714,678
2026-01-02T09:30:10,MSFT,400.0171,284
2026-01-02T09:30:10,NVDA,200.3607,336
2026-01-02T09:30:10,TSLA,275.3246,842
2026-01-02T09:30:10,AMD,160.0814,563
2026-01-02T09:30:10,AMZN,275.4998,104
2026-01-02T09:30:10,META,591.4533,370
2026-01-02T09:30:10,GOOGL,365.9949,132
2026-01-02T09:30:10,SPY,776.1048,211
2026-01-02T09:30:10,QQQ,679.5300,561
2026-01-02T09:30:11,AAPL,279.2764,429
2026-01-02T09:30:11,MSFT,399.6968,228
2026-01-02T09:30:11,NVDA,200.2619,164
2026-01-02T09:30:11,TSLA,275.5178,502
2026-01-02T09:30:11,AMD,160.4717,449
2026-01-02T09:30:11,AMZN,275.3416,733
2026-01-02T09:30:11,META,591.9609,106
2026-01-02T09:30:11,GOOGL,366.1728,690
2026-01-02T09:30:11,SPY,775.2097,789
2026-01-02T09:30:11,QQQ,681.2112,711
2026-01-02T09:30:12,AAPL,279.7333,429
2026-01-02T09:30:12,MSFT,399.7508,84
2026-01-02T09:30:12,NVDA,200.3476,216
2026-01-02T09:30:12,TSLA,275.5476,300
2026-01-02T09:30:12,AMD,160.3608,100
2026-01-02T09:30:12,AMZN,275.7480,607
2026-01-02T09:30:12,META,591.5984,559
2026-01-02T09:30:12,GOOGL,365.9740,673
2026-01-02T09:30:12,SPY,774.8669,279
2026-01-02T09:30:12,QQQ,679.3405,674
2026-01-02T09:30:13,AAPL,279.2465,218
2026-01-02T09:30:13,MSFT,399.9230,461
2026-01-02T09:30:13,NVDA,200.2130,630
2026-01-02T09:30:13,TSLA,275.3097,662
2026-01-02T09:30:13,AMD,160.3858,246
2026-01-02T09:30:13,AMZN,275.9032,214
2026-01-02T09:30:13,META,592.1184,196
2026-01-02T09:30:13,GOOGL,366.6852,726
2026-01-02T09:30:13,SPY,776.9301,696
2026-01-02T09:30:13,QQQ,679.4752,655
2026-01-02T09:30:14,AAPL,279.0856,827
2026-01-02T09:30:14,MSFT,399.6954,843
2026-01-02T09:30:14,NVDA,200.2108,349
2026-01-02T09:30:14,TSLA,275.9718,862
2026-01-02T09:30:14,AMD,160.4818,369
2026-01-02T09:30:14,AMZN,275.4634,439
2026-01-02T09:30:14,META,592.2516,600
2026-01-02T09:30:14,GOOGL,365.9912,611
2026-01-02T09:30:14,SPY,776.9629,140
2026-01-02T09:30:14,QQQ,679.7892,132
2026-01-02T09:30:15,AAPL,279.8156,559
2026-01-02T09:30:15,MSFT,400.6362,226
2026-01-02T09:30:15,NVDA,200.3570,275
2026-01-02T09:30:15,TSLA,275.8751,423
2026-01-02T09:30:15,AMD,160.1633,258
2026-01-02T09:30:15,AMZN,275.9511,600
2026-01-02T09:30:15,META,590.7082,686
2026-01-02T09:30:15,GOOGL,366.0529,862
2026-01-02T09:30:15,SPY,776.2400,605
2026-01-02T09:30:15,QQQ,680.5461,305
2026-01-02T09:30:16,AAPL,279.7853,585
2026-01-02T09:30:16,MSFT,399.9559,900
2026-01-02T09:30:16,NVDA,200.2902,650
2026-01-02T09:30:16,TSLA,275.9378,508
2026-01-02T09:30:16,AMD,160.3681,722
2026-01-02T09:30:16,AMZN,275.5926,383
2026-01-02T09:30:16,META,591.0265,867
2026-01-02T09:30:16,GOOGL,366.6591,310
2026-01-02T09:30:16,SPY,776.8320,641
2026-01-02T09:30:16,QQQ,680.4287,800
2026-01-02T09:30:17,AAPL,279.6069,851
2026-01-02T09:30:17,MSFT,400.5461,859
2026-01-02T09:30:17,NVDA,200.4673,553
2026-01-02T09:30:17,TSLA,275.9039,212
2026-01-02T09:30:17,AMD,160.2867,807
2026-01-02T09:30:17,AMZN,275.4840,841
2026-01-02T09:30:17,META,591.9284,450
2026-01-02T09:30:17,GOOGL,365.8322,623
2026-01-02T09:30:17,SPY,776.3772,256
2026-01-02T09:30:17,QQQ,679.6632,387
2026-01-02T09:30:18,AAPL,279.6110,433
2026-01-02T09:30:18,MSFT,400.8448,882
2026-01-02T09:30:18,NVDA,200.0817,742
2026-01-02T09:30:18,TSLA,276.0571,194
2026-01-02T09:30:18,AMD,160.2474,107
2026-01-02T09:30:18,AMZN,275.8367,546
2026-01-02T09:30:18,META,592.3057,739
2026-01-02T09:30:18,GOOGL,366.5309,710
2026-01-02T09:30:18,SPY,775.5651,840
2026-01-02T09:30:18,QQQ,679.4427,81
2026-01-02T09:30:19,AAPL,279.7543,607
2026-01-02T09:30:19,MSFT,400.1333,758
2026-01-02T09:30:19,NVDA,200.4155,377
2026-01-02T09:30:19,TSLA,275.9275,352
2026-01-02T09:30:19,AMD,160.4502,763
2026-01-02T09:30:19,AMZN,275.5410,109
2026-01-02T09:30:19,META,590.7001,818
2026-01-02T09:30:19,GOOGL,366.1917,211
2026-01-02T09:30:19,SPY,775.9016,694
2026-01-02T09:30:19,QQQ,680.7597,754
2026-01-02T09:30:20,AAPL,279.1301,603
2026-01-02T09:30:20,MSFT,400.0349,538
2026-01-02T09:30:20,NVDA,200.0296,468
2026-01-02T09:30:20,TSLA,275.4508,752
2026-01-02T09:30:20,AMD,160.4879,727
2026-01-02T09:30:20,AMZN,275.4688,328
2026-01-02T09:30:20,META,592.3185,372
2026-01-02T09:30:20,GOOGL,365.7465,739
2026-01-02T09:30:20,SPY,775.1765,883
2026-01-02T09:30:20,QQQ,680.1554,745
2026-01-02T09:30:21,AAPL,279.1260,339
2026-01-02T09:30:21,MSFT,400.3859,758
2026-01-02T09:30:21,NVDA,200.4912,167
2026-01-02T09:30:21,TSLA,275.5969,266
2026-01-02T09:30:21,AMD,160.1903,332
2026-01-02T09:30:21,AMZN,275.2601,162
2026-01-02T09:30:21,META,592.0361,520
2026-01-02T09:30:21,GOOGL,366.6352,519
2026-01-02T09:30:21,SPY,774.5047,520
2026-01-02T09:30:21,QQQ,679.6502,528
2026-01-02T09:30:22,AAPL,279.6188,272
2026-01-02T09:30:22,MSFT,399.8834,891
2026-01-02T09:30:22,NVDA,200.2576,683
2026-01-02T09:30:22,TSLA,275.8142,118
2026-01-02T09:30:22,AMD,160.1954,97
2026-01-02T09:30:22,AMZN,275.8349,535
2026-01-02T09:30:22,META,591.2410,894
2026-01-02T09:30:22,GOOGL,365.9506,419
2026-01-02T09:30:22,SPY,776.7443,719
2026-01-02T09:30:22,QQQ,678.9432,151
2026-01-02T09:30:23,AAPL,279.2909,509
2026-01-02T09:30:23,MSFT,400.6980,544
2026-01-02T09:30:23,NVDA,199.9654,618
2026-01-02T09:30:23,TSLA,275.5774,576
2026-01-02T09:30:23,AMD,160.3627,614
2026-01-02T09:30:23,AMZN,275.5761,221
2026-01-02T09:30:23,META,590.7118,343
2026-01-02T09:30:23,GOOGL,366.4689,896
2026-01-02T09:30:23,SPY,774.6678,702
2026-01-02T09:30:23,QQQ,680.4463,303
2026-01-02T09:30:24,AAPL,279.3139,414
2026-01-02T09:30:24,MSFT,400.3538,320
2026-01-02T09:30:24,NVDA,200.0126,373
2026-01-02T09:30:24,TSLA,275.9001,128
2026-01-02T09:30:24,AMD,160.4100,112
2026-01-02T09:30:24,AMZN,275.6283,627
2026-01-02T09:30:24,META,592.3684,601
2026-01-02T09:30:24,GOOGL,366.5884,547
2026-01-02T09:30:24,SPY,775.9516,494
2026-01-02T09:30:24,QQQ,678.9433,868
2026-01-02T09:30:25,AAPL,279.9016,522
2026-01-02T09:30:25,MSFT,399.9073,882
2026-01-02T09:30:25,NVDA,200.0207,508
2026-01-02T09:30:25,TSLA,275.4871,846
2026-01-02T09:30:25,AMD,159.9791,887
2026-01-02T09:30:25,AMZN,275.9321,136
2026-01-02T09:30:25,META,591.9067,103
2026-01-02T09:30:25,GOOGL,366.0257,673
2026-01-02T09:30:25,SPY,776.4305,553
2026-01-02T09:30:25,QQQ,680.8972,316
2026-01-02T09:30:26,AAPL,279.4584,460
2026-01-02T09:30:26,MSFT,400.9187,802
2026-01-02T09:30:26,NVDA,199.9749,892
2026-01-02T09:30:26,TSLA,276.0189,214
2026-01-02T09:30:26,AMD,160.1760,450
2026-01-02T09:30:26,AMZN,275.4153,627
2026-01-02T09:30:26,META,591.8861,469
2026-01-02T09:30:26,GOOGL,366.7024,264
2026-01-02T09:30:26,SPY,775.8129,122
2026-01-02T09:30:26,QQQ,679.7741,253
2026-01-02T09:30:27,AAPL,279.2610,185
2026-01-02T09:30:27,MSFT,400.4359,265
2026-01-02T09:30:27,NVDA,200.4589,271
2026-01-02T09:30:27,TSLA,276.1253,591
2026-01-02T09:30:27,AMD,160.0655,384
2026-01-02T09:30:27,AMZN,275.8020,686
2026-01-02T09:30:27,META,591.2047,195
2026-01-02T09:30:27,GOOGL,365.6720,864
2026-01-02T09:30:27,SPY,774.4965,700
2026-01-02T09:30:27,QQQ,680.3410,665
2026-01-02T09:30:28,AAPL,279.8787,860
2026-01-02T09:30:28,MSFT,400.9476,598
2026-01-02T09:30:28,NVDA,200.0908,625
2026-01-02T09:30:28,TSLA,275.7613,169
2026-01-02T09:30:28,AMD,160.3026,492
2026-01-02T09:30:28,AMZN,275.4942,872
2026-01-02T09:30:28,META,591.1839,187
2026-01-02T09:30:28,GOOGL,365.8192,166
2026-01-02T09:30:28,SPY,774.6194,677
2026-01-02T09:30:28,QQQ,679.6214,93
2026-01-02T09:30:29,AAPL,279.4653,263
2026-01-02T09:30:29,MSFT,400.5515,234
2026-01-02T09:30:29,NVDA,200.0841,726
2026-01-02T09:30:29,TSLA,275.5687,304
2026-01-02T09:30:29,AMD,160.2945,830
2026-01-02T09:30:29,AMZN,275.2927,150
2026-01-02T09:30:29,META,591.3900,534
2026-01-02T09:30:29,GOOGL,365.6365,809
2026-01-02T09:30:29,SPY,774.7848,258
2026-01-02T09:30:29,QQQ,679.7491,262
2026-01-02T09:30:30,AAPL,280.0312,280
2026-01-02T09:30:30,MSFT,400.6402,725
2026-01-02T09:30:30,NVDA,200.5271,343
2026-01-02T09:30:30,TSLA,276.1584,607
2026-01-02T09:30:30,AMD,160.3436,697
2026-01-02T09:30:30,AMZN,275.4737,354
2026-01-02T09:30:30,META,591.2271,230
2026-01-02T09:30:30,GOOGL,366.5912,805
2026-01-02T09:30:30,SPY,775.7688,649
2026-01-02T09:30:30,QQQ,679.7768,123
2026-01-02T09:30:31,AAPL,279.6750,302
2026-01-02T09:30:31,MSFT,400.7373,889
2026-01-02T09:30:31,NVDA,200.5904,628
2026-01-02T09:30:31,TSLA,275.4075,160
2026-01-02T09:30:31,AMD,160.3055,519
2026-01-02T09:30:31,AMZN,275.7873,839
2026-01-02T09:30:31,META,590.8821,281
2026-01-02T09:30:31,GOOGL,365.9469,244
2026-01-02T09:30:31,SPY,775.3155,394
2026-01-02T09:30:31,QQQ,680.4230,165
2026-01-02T09:30:32,AAPL,279.5403,330
2026-01-02T09:30:32,MSFT,400.5872,599
2026-01-02T09:30:32,NVDA,200.5678,160
2026-01-02T09:30:32,TSLA,275.8350,499
2026-01-02T09:30:32,AMD,160.1288,482
2026-01-02T09:30:32,AMZN,275.7255,854
2026-01-02T09:30:32,META,591.6195,205
2026-01-02T09:30:32,GOOGL,366.3921,105
2026-01-02T09:30:32,SPY,776.3321,733
2026-01-02T09:30:32,QQQ,679.9747,390
2026-01-02T09:30:33,AAPL,279.4163,389
2026-01-02T09:30:33,MSFT,400.4270,468
2026-01-02T09:30:33,NVDA,200.3922,485
2026-01-02T09:30:33,TSLA,275.4145,158
2026-01-02T09:30:33,AMD,160.1359,534
2026-01-02T09:30:33,AMZN,276.0363,513
2026-01-02T09:30:33,META,591.4821,840
2026-01-02T09:30:33,GOOGL,366.2481,276
2026-01-02T09:30:33,SPY,774.9981,469
2026-01-02T09:30:33,QQQ,679.6955,107
2026-01-02T09:30:34,AAPL,279.3026,401
2026-01-02T09:30:34,MSFT,400.4189,513
2026-01-02T09:30:34,NVDA,200.3027,141
2026-01-02T09:30:34,TSLA,276.1459,568
2026-01-02T09:30:34,AMD,160.2364,800
2026-01-02T09:30:34,AMZN,275.3170,98
2026-01-02T09:30:34,META,591.6937,574
2026-01-02T09:30:34,GOOGL,365.7452,531
2026-01-02T09:30:34,SPY,775.7394,750
2026-01-02T09:30:34,QQQ,679.2201,371
2026-01-02T09:30:35,AAPL,279.6445,719
2026-01-02T09:30:35,MSFT,400.4569,591
2026-01-02T09:30:35,NVDA,200.5316,444
2026-01-02T09:30:35,TSLA,276.1410,456
2026-01-02T09:30:35,AMD,160.2242,565
2026-01-02T09:30:35,AMZN,275.4855,326
2026-01-02T09:30:35,META,592.1556,730
2026-01-02T09:30:35,GOOGL,366.0939,360
2026-01-02T09:30:35,SPY,776.1437,102
2026-01-02T09:30:35,QQQ,679.5927,108
2026-01-02T09:30:36,AAPL,279.5508,407
2026-01-02T09:30:36,MSFT,400.4249,642
2026-01-02T09:30:36,NVDA,200.1969,565
2026-01-02T09:30:36,TSLA,275.6768,404
2026-01-02T09:30:36,AMD,159.9336,123
2026-01-02T09:30:36,AMZN,276.1399,723
2026-01-02T09:30:36,META,591.9940,888
2026-01-02T09:30:36,GOOGL,365.7623,236
2026-01-02T09:30:36,SPY,774.9627,368
2026-01-02T09:30:36,QQQ,679.6273,774
2026-01-02T09:30:37,AAPL,279.2730,503
2026-01-02T09:30:37,MSFT,400.1189,541
2026-01-02T09:30:37,NVDA,200.2837,254
2026-01-02T09:30:37,TSLA,276.2258,632
2026-01-02T09:30:37,AMD,159.9533,326
2026-01-02T09:30:37,AMZN,275.7969,762
2026-01-02T09:30:37,META,592.3563,695
2026-01-02T09:30:37,GOOGL,366.0854,262
2026-01-02T09:30:37,SPY,775.2849,86
2026-01-02T09:30:37,QQQ,680.0863,189
2026-01-02T09:30:38,AAPL,279.9061,440
2026-01-02T09:30:38,MSFT,400.5861,531
2026-01-02T09:30:38,NVDA,200.3673,412
2026-01-02T09:30:38,TSLA,276.1202,85
2026-01-02T09:30:38,AMD,160.1065,158
2026-01-02T09:30:38,AMZN,275.6013,111
2026-01-02T09:30:38,META,591.0043,612
2026-01-02T09:30:38,GOOGL,366.1177,137
2026-01-02T09:30:38,SPY,775.8571,545
2026-01-02T09:30:38,QQQ,679.6361,525
2026-01-02T09:30:39,AAPL,279.8473,289
2026-01-02T09:30:39,MSFT,400.4339,139
2026-01-02T09:30:39,NVDA,200.4527,668
2026-01-02T09:30:39,TSLA,275.7975,535
2026-01-02T09:30:39,AMD,160.1370,578
2026-01-02T09:30:39,AMZN,275.7332,661
2026-01-02T09:30:39,META,592.6302,164
2026-01-02T09:30:39,GOOGL,366.0859,811
2026-01-02T09:30:39,SPY,775.1969,229
2026-01-02T09:30:39,QQQ,679.4442,218
2026-01-02T09:30:40,AAPL,279.5008,879
2026-01-02T09:30:40,MSFT,400.7673,463
2026-01-02T09:30:40,NVDA,200.4791,852
2026-01-02T09:30:40,TSLA,276.0393,832
2026-01-02T09:30:40,AMD,160.2655,874
2026-01-02T09:30:40,AMZN,275.4801,490
2026-01-02T09:30:40,META,592.7464,80
2026-01-02T09:30:40,GOOGL,365.7176,540
2026-01-02T09:30:40,SPY,775.5801,589
2026-01-02T09:30:40,QQQ,678.9848,441
2026-01-02T09:30:41,AAPL,279.9964,167
2026-01-02T09:30:41,MSFT,400.7938,558
2026-01-02T09:30:41,NVDA,200.6047,383
2026-01-02T09:30:41,TSLA,275.9451,729
2026-01-02T09:30:41,AMD,160.2301,132
2026-01-02T09:30:41,AMZN,275.4575,602
2026-01-02T09:30:41,META,591.9746,805
2026-01-02T09:30:41,GOOGL,365.9592,539
2026-01-02T09:30:41,SPY,775.6699,173
2026-01-02T09:30:41,QQQ,680.3103,488
2026-01-02T09:30:42,AAPL,279.7453,344
2026-01-02T09:30:42,MSFT,401.0287,802
2026-01-02T09:30:42,NVDA,200.1305,509
2026-01-02T09:30:42,TSLA,276.1023,83
2026-01-02T09:30:42,AMD,159.8959,424
2026-01-02T09:30:42,AMZN,275.5223,551
2026-01-02T09:30:42,META,592.3724,125
2026-01-02T09:30:42,GOOGL,365.6640,410
2026-01-02T09:30:42,SPY,774.4382,705
2026-01-02T09:30:42,QQQ,679.6895,231
2026-01-02T09:30:43,AAPL,279.4835,169
2026-01-02T09:30:43,MSFT,400.9187,872
2026-01-02T09:30:43,NVDA,200.1024,430
2026-01-02T09:30:43,TSLA,275.9037,148
2026-01-02T09:30:43,AMD,160.2997,866
2026-01-02T09:30:43,AMZN,275.4474,518
2026-01-02T09:30:43,META,592.3333,849
2026-01-02T09:30:43,GOOGL,365.8918,367
2026-01-02T09:30:43,SPY,775.4486,880
2026-01-02T09:30:43,QQQ,679.3240,441
2026-01-02T09:30:44,AAPL,279.5043,373
2026-01-02T09:30:44,MSFT,400.6104,464
2026-01-02T09:30:44,NVDA,200.3402,681
2026-01-02T09:30:44,TSLA,275.5545,574
2026-01-02T09:30:44,AMD,160.2234,403
2026-01-02T09:30:44,AMZN,275.6764,261
2026-01-02T09:30:44,META,591.5634,565
2026-01-02T09:30:44,GOOGL,366.2055,854
2026-01-02T09:30:44,SPY,774.1252,825
2026-01-02T09:30:44,QQQ,679.0854,569
2026-01-02T09:30:45,AAPL,279.8206,284
2026-01-02T09:30:45,MSFT,400.5861,574
2026-01-02T09:30:45,NVDA,200.5157,897
2026-01-02T09:30:45,TSLA,275.8325,465
2026-01-02T09:30:45,AMD,160.2394,80
2026-01-02T09:30:45,AMZN,276.0448,413
2026-01-02T09:30:45,META,591.4591,690
2026-01-02T09:30:45,GOOGL,365.8526,170
2026-01-02T09:30:45,SPY,773.9520,787
2026-01-02T09:30:45,QQQ,679.4764,895
2026-01-02T09:30:46,AAPL,279.7273,693
2026-01-02T09:30:46,MSFT,400.6979,648
2026-01-02T09:30:46,NVDA,200.3035,513
2026-01-02T09:30:46,TSLA,275.6191,179
2026-01-02T09:30:46,AMD,159.9448,123
2026-01-02T09:30:46,AMZN,275.4535,557
2026-01-02T09:30:46,META,592.6043,391
2026-01-02T09:30:46,GOOGL,365.7079,207
2026-01-02T09:30:46,SPY,774.5679,330
2026-01-02T09:30:46,QQQ,679.1398,318
2026-01-02T09:30:47,AAPL,280.0183,227
2026-01-02T09:30:47,MSFT,400.6563,522
2026-01-02T09:30:47,NVDA,200.5548,166
2026-01-02T09:30:47,TSLA,276.1015,474
2026-01-02T09:30:47,AMD,159.8791,515
2026-01-02T09:30:47,AMZN,275.6207,898
2026-01-02T09:30:47,META,591.9273,848
2026-01-02T09:30:47,GOOGL,365.7890,357
2026-01-02T09:30:47,SPY,773.8380,123
2026-01-02T09:30:47,QQQ,680.3686,715
2026-01-02T09:30:48,AAPL,279.5881,803
2026-01-02T09:30:48,MSFT,400.3081,879
2026-01-02T09:30:48,NVDA,200.5441,544
2026-01-02T09:30:48,TSLA,275.6458,288
2026-01-02T09:30:48,AMD,159.9829,450
2026-01-02T09:30:48,AMZN,275.5079,245
2026-01-02T09:30:48,META,592.6515,188
2026-01-02T09:30:48,GOOGL,366.1611,275
2026-01-02T09:30:48,SPY,774.1349,674
2026-01-02T09:30:48,QQQ,680.1859,274
2026-01-02T09:30:49,AAPL,279.8969,886
2026-01-02T09:30:49,MSFT,401.1482,289
2026-01-02T09:30:49,NVDA,200.4801,80
2026-01-02T09:30:49,TSLA,275.5784,573
2026-01-02T09:30:49,AMD,160.2754,840
2026-01-02T09:30:49,AMZN,275.9404,763
2026-01-02T09:30:49,META,591.7684,239
2026-01-02T09:30:49,GOOGL,365.6077,527
2026-01-02T09:30:49,SPY,775.4436,246
2026-01-02T09:30:49,QQQ,679.8425,306
2026-01-02T09:30:50,AAPL,280.1386,170
2026-01-02T09:30:50,MSFT,400.1749,843
2026-01-02T09:30:50,NVDA,200.5124,439
2026-01-02T09:30:50,TSLA,275.6912,675
2026-01-02T09:30:50,AMD,159.8749,736
2026-01-02T09:30:50,AMZN,275.8755,139
2026-01-02T09:30:50,META,592.0105,285
2026-01-02T09:30:50,GOOGL,365.6681,379
2026-01-02T09:30:50,SPY,773.7400,232
2026-01-02T09:30:50,QQQ,679.2316,668
2026-01-02T09:30:51,AAPL,280.1909,277
2026-01-02T09:30:51,MSFT,400.7165,220
2026-01-02T09:30:51,NVDA,200.4606,583
2026-01-02T09:30:51,TSLA,275.6500,786
2026-01-02T09:30:51,AMD,160.3079,819
2026-01-02T09:30:51,AMZN,275.7326,402
2026-01-02T09:30:51,META,592.7136,852
2026-01-02T09:30:51,GOOGL,366.0084,611
2026-01-02T09:30:51,SPY,775.1599,296
2026-01-02T09:30:51,QQQ,678.8272,430
2026-01-02T09:30:52,AAPL,279.6221,878
2026-01-02T09:30:52,MSFT,400.8826,757
2026-01-02T09:30:52,NVDA,200.6676,517
2026-01-02T09:30:52,TSLA,276.3598,411
2026-01-02T09:30:52,AMD,160.1039,351
2026-01-02T09:30:52,AMZN,276.0580,685
2026-01-02T09:30:52,META,592.4232,585
2026-01-02T09:30:52,GOOGL,365.8816,274
2026-01-02T09:30:52,SPY,774.5110,543
2026-01-02T09:30:52,QQQ,679.9863,289
2026-01-02T09:30:53,AAPL,279.6103,441
2026-01-02T09:30:53,MSFT,401.2940,172
2026-01-02T09:30:53,NVDA,200.5203,488
2026-01-02T09:30:53,TSLA,276.2460,482
2026-01-02T09:30:53,AMD,160.2420,444
2026-01-02T09:30:53,AMZN,275.7480,601
2026-01-02T09:30:53,META,591.7781,160
2026-01-02T09:30:53,GOOGL,365.9966,850
2026-01-02T09:30:53,SPY,775.3747,210
2026-01-02T09:30:53,QQQ,679.2681,470
2026-01-02T09:30:54,AAPL,279.9123,282
2026-01-02T09:30:54,MSFT,400.6484,424
2026-01-02T09:30:54,NVDA,200.7239,614
2026-01-02T09:30:54,TSLA,275.8273,876
2026-01-02T09:30:54,AMD,160.0093,249
2026-01-02T09:30:54,AMZN,276.1997,711
2026-01-02T09:30:54,META,592.9960,659
2026-01-02T09:30:54,GOOGL,365.6939,242
2026-01-02T09:30:54,SPY,773.9972,532
2026-01-02T09:30:54,QQQ,679.0066,256
2026-01-02T09:30:55,AAPL,279.9308,792
2026-01-02T09:30:55,MSFT,400.9949,694
2026-01-02T09:30:55,NVDA,200.4667,739
2026-01-02T09:30:55,TSLA,275.8122,577
2026-01-02T09:30:55,AMD,160.2094,304
2026-01-02T09:30:55,AMZN,276.2061,336
2026-01-02T09:30:55,META,591.3909,842
2026-01-02T09:30:55,GOOGL,366.3211,877
2026-01-02T09:30:55,SPY,775.7313,302
2026-01-02T09:30:55,QQQ,679.4665,426
2026-01-02T09:30:56,AAPL,279.5863,676
2026-01-02T09:30:56,MSFT,400.4478,412
2026-01-02T09:30:56,NVDA,200.5089,323
2026-01-02T09:30:56,TSLA,275.8602,451
2026-01-02T09:30:56,AMD,159.8391,714
2026-01-02T09:30:56,AMZN,276.2867,474
2026-01-02T09:30:56,META,592.0571,290
2026-01-02T09:30:56,GOOGL,365.8144,649
2026-01-02T09:30:56,SPY,774.4203,607
2026-01-02T09:30:56,QQQ,678.9583,305
2026-01-02T09:30:57,AAPL,280.1157,301
2026-01-02T09:30:57,MSFT,400.3932,190
2026-01-02T09:30:57,NVDA,200.5857,643
2026-01-02T09:30:57,TSLA,276.3131,547
2026-01-02T09:30:57,AMD,159.8809,391
2026-01-02T09:30:57,AMZN,276.2835,728
2026-01-02T09:30:57,META,592.2129,205
2026-01-02T09:30:57,GOOGL,365.4306,715
2026-01-02T09:30:57,SPY,773.9572,234
2026-01-02T09:30:57,QQQ,679.0139,794
2026-01-02T09:30:58,AAPL,279.4862,656
2026-01-02T09:30:58,MSFT,400.9688,203
2026-01-02T09:30:58,NVDA,200.7728,257
2026-01-02T09:30:58,TSLA,276.0703,818
2026-01-02T09:30:58,AMD,160.2103,445
2026-01-02T09:30:58,AMZN,275.8960,783
2026-01-02T09:30:58,META,592.3753,252
2026-01-02T09:30:58,GOOGL,365.7428,218
2026-01-02T09:30:58,SPY,774.8881,876
2026-01-02T09:30:58,QQQ,678.3159,369
2026-01-02T09:30:59,AAPL,280.0354,634
2026-01-02T09:30:59,MSFT,400.3887,375
2026-01-02T09:30:59,NVDA,200.5010,374
2026-01-02T09:30:59,TSLA,276.0788,617
2026-01-02T09:30:59,AMD,160.0834,459
2026-01-02T09:30:59,AMZN,276.3398,501
2026-01-02T09:30:59,META,592.9934,554
2026-01-02T09:30:59,GOOGL,365.2614,179
2026-01-02T09:30:59,SPY,775.5334,438
2026-01-02T09:30:59,QQQ,678.3055,509
2026-01-02T09:30:00,AAPL,280.0458,885
2026-01-02T09:30:00,MSFT,400.5194,214
2026-01-02T09:30:00,NVDA,200.6433,603
2026-01-02T09:30:00,TSLA,276.1652,718
2026-01-02T09:30:00,AMD,160.2556,304
2026-01-02T09:30:00,AMZN,276.1993,543
2026-01-02T09:30:00,META,592.1895,775
2026-01-02T09:30:00,GOOGL,365.6404,475
2026-01-02T09:30:00,SPY,775.5510,888
2026-01-02T09:30:00,QQQ,679.6617,113
2026-01-02T09:30:01,AAPL,280.2992,365
2026-01-02T09:30:01,MSFT,401.2844,157
2026-01-02T09:30:01,NVDA,200.7242,818
2026-01-02T09:30:01,TSLA,275.8557,158
2026-01-02T09:30:01,AMD,160.1471,784
2026-01-02T09:30:01,AMZN,276.2807,140
2026-01-02T09:30:01,META,592.0286,873
2026-01-02T09:30:01,GOOGL,365.5871,613
2026-01-02T09:30:01,SPY,773.6799,840
2026-01-02T09:30:01,QQQ,679.8172,607
2026-01-02T09:30:02,AAPL,279.5284,730
2026-01-02T09:30:02,MSFT,401.3445,591
2026-01-02T09:30:02,NVDA,200.6511,393
2026-01-02T09:30:02,TSLA,275.8138,633
2026-01-02T09:30:02,AMD,159.9183,444
2026-01-02T09:30:02,AMZN,276.0032,510
2026-01-02T09:30:02,META,592.2684,612
2026-01-02T09:30:02,GOOGL,365.1716,626
2026-01-02T09:30:02,SPY,775.4207,433
2026-01-02T09:30:02,QQQ,678.4299,483
2026-01-02T09:30:03,AAPL,279.6434,696
2026-01-02T09:30:03,MSFT,400.5068,845
2026-01-02T09:30:03,NVDA,200.5198,303
2026-01-02T09:30:03,TSLA,276.3456,128
2026-01-02T09:30:03,AMD,159.7787,469
2026-01-02T09:30:03,AMZN,276.0093,152
2026-01-02T09:30:03,META,592.1970,581
2026-01-02T09:30:03,GOOGL,365.3193,874
2026-01-02T09:30:03,SPY,774.0221,762
2026-01-02T09:30:03,QQQ,679.6060,653
2026-01-02T09:30:04,AAPL,279.7688,832
2026-01-02T09:30:04,MSFT,400.7168,856
2026-01-02T09:30:04,NVDA,200.6929,431
2026-01-02T09:30:04,TSLA,276.4590,365
2026-01-02T09:30:04,AMD,159.8341,100
2026-01-02T09:30:04,AMZN,275.8971,256
2026-01-02T09:30:04,META,591.5281,321
2026-01-02T09:30:04,GOOGL,365.1288,602
2026-01-02T09:30:04,SPY,775.0748,569
2026-01-02T09:30:04,QQQ,678.4529,122
2026-01-02T09:30:05,AAPL,280.1749,447
2026-01-02T09:30:05,MSFT,400.8301,373
2026-01-02T09:30:05,NVDA,200.5815,295
2026-01-02T09:30:05,TSLA,275.8598,134
2026-01-02T09:30:05,AMD,159.8005,181
2026-01-02T09:30:05,AMZN,275.6803,421
2026-01-02T09:30:05,META,592.5178,612
2026-01-02T09:30:05,GOOGL,365.7875,185
2026-01-02T09:30:05,SPY,775.0120,502
2026-01-02T09:30:05,QQQ,678.8781,850
2026-01-02T09:30:06,AAPL,279.9938,472
2026-01-02T09:30:06,MSFT,401.0554,503
2026-01-02T09:30:06,NVDA,200.3414,743
2026-01-02T09:30:06,TSLA,276.4503,717
2026-01-02T09:30:06,AMD,159.8350,245
2026-01-02T09:30:06,AMZN,275.6970,895
2026-01-02T09:30:06,META,593.2023,785
2026-01-02T09:30:06,GOOGL,365.5686,481
2026-01-02T09:30:06,SPY,773.8101,172
2026-01-02T09:30:06,QQQ,678.4652,648
2026-01-02T09:30:07,AAPL,280.1662,156
2026-01-02T09:30:07,MSFT,401.1611,105
2026-01-02T09:30:07,NVDA,200.6272,601
2026-01-02T09:30:07,TSLA,275.8785,776
2026-01-02T09:30:07,AMD,160.1174,227
2026-01-02T09:30:07,AMZN,276.3207,775
2026-01-02T09:30:07,META,593.3286,353
2026-01-02T09:30:07,GOOGL,365.3019,169
2026-01-02T09:30:07,SPY,774.3667,271
2026-01-02T09:30:07,QQQ,678.4071,609
2026-01-02T09:30:08,AAPL,279.9212,492
2026-01-02T09:30:08,MSFT,400.9324,282
2026-01-02T09:30:08,NVDA,200.7451,85
2026-01-02T09:30:08,TSLA,275.9998,154
2026-01-02T09:30:08,AMD,159.7640,899
2026-01-02T09:30:08,AMZN,275.8717,598
2026-01-02T09:30:08,META,592.1440,771
2026-01-02T09:30:08,GOOGL,365.4039,784
2026-01-02T09:30:08,SPY,775.3040,193
2026-01-02T09:30:08,QQQ,678.1151,183
2026-01-02T09:30:09,AAPL,279.7352,416
2026-01-02T09:30:09,MSFT,400.4606,749
2026-01-02T09:30:09,NVDA,200.5526,327
2026-01-02T09:30:09,TSLA,276.0715,518
2026-01-02T09:30:09,AMD,160.1452,402
2026-01-02T09:30:09,AMZN,275.9193,693
2026-01-02T09:30:09,META,593.1869,324
2026-01-02T09:30:09,GOOGL,365.0934,177
2026-01-02T09:30:09,SPY,775.0188,787
2026-01-02T09:30:09,QQQ,679.4264,417
2026-01-02T09:30:10,AAPL,280.2520,622
2026-01-02T09:30:10,MSFT,400.5726,413
2026-01-02T09:30:10,NVDA,200.2782,249
2026-01-02T09:30:10,TSLA,276.4965,423
2026-01-02T09:30:10,AMD,159.8364,526
2026-01-02T09:30:10,AMZN,276.3143,85
2026-01-02T09:30:10,META,592.2242,863
2026-01-02T09:30:10,GOOGL,365.6908,529
2026-01-02T09:30:10,SPY,774.8535,476
2026-01-02T09:30:10,QQQ,678.1896,879
2026-01-02T09:30:11,AAPL,279.6069,686
2026-01-02T09:30:11,MSFT,400.5091,824
2026-01-02T09:30:11,NVDA,200.8406,705
2026-01-02T09:30:11,TSLA,276.4221,164
2026-01-02T09:30:11,AMD,160.0811,634
2026-01-02T09:30:11,AMZN,275.7551,893
2026-01-02T09:30:11,META,592.6948,239
2026-01-02T09:30:11,GOOGL,365.3946,220
2026-01-02T09:30:11,SPY,774.3872,257
2026-01-02T09:30:11,QQQ,678.7941,653
2026-01-02T09:30:12,AAPL,280.2542,322
2026-01-02T09:30:12,MSFT,401.2456,582
2026-01-02T09:30:12,NVDA,200.7237,429
2026-01-02T09:30:12,TSLA,276.3460,143
2026-01-02T09:30:12,AMD,160.1692,317
2026-01-02T09:30:12,AMZN,276.4737,467
2026-01-02T09:30:12,META,592.1343,279
2026-01-02T09:30:12,GOOGL,365.7155,176
2026-01-02T09:30:12,SPY,774.1066,196
2026-01-02T09:30:12,QQQ,678.4252,177
2026-01-02T09:30:13,AAPL,280.1199,446
2026-01-02T09:30:13,MSFT,401.1847,868
2026-01-02T09:30:13,NVDA,200.5249,483
2026-01-02T09:30:13,TSLA,276.4231,574
2026-01-02T09:30:13,AMD,160.1877,770
2026-01-02T09:30:13,AMZN,276.0458,233
2026-01-02T09:30:13,META,593.3582,366
2026-01-02T09:30:13,GOOGL,365.0835,506
2026-01-02T09:30:13,SPY,773.9664,101
2026-01-02T09:30:13,QQQ,678.7198,849
2026-01-02T09:30:14,AAPL,279.9644,476
2026-01-02T09:30:14,MSFT,401.4809,765
2026-01-02T09:30:14,NVDA,200.6734,697
2026-01-02T09:30:14,TSLA,276.2582,189
2026-01-02T09:30:14,AMD,159.8888,790
2026-01-02T09:30:14,AMZN,276.3522,306
2026-01-02T09:30:14,META,593.2942,552
2026-01-02T09:30:14,GOOGL,365.9087,379
2026-01-02T09:30:14,SPY,773.5709,537
2026-01-02T09:30:14,QQQ,679.0528,129
2026-01-02T09:30:15,AAPL,279.6883,421
2026-01-02T09:30:15,MSFT,400.5239,278
2026-01-02T09:30:15,NVDA,200.5774,264
2026-01-02T09:30:15,TSLA,276.6224,798
2026-01-02T09:30:15,AMD,159.8972,150
2026-01-02T09:30:15,AMZN,276.0605,817
2026-01-02T09:30:15,META,593.0655,754
2026-01-02T09:30:15,GOOGL,365.0213,520
2026-01-02T09:30:15,SPY,774.8500,235
2026-01-02T09:30:15,QQQ,679.6050,124
2026-01-02T09:30:16,AAPL,280.0308,743
2026-01-02T09:30:16,MSFT,401.5503,829
2026-01-02T09:30:16,NVDA,200.8651,835
2026-01-02T09:30:16,TSLA,276.5280,556
2026-01-02T09:30:16,AMD,159.8438,225
2026-01-02T09:30:16,AMZN,275.8737,551
2026-01-02T09:30:16,META,592.3987,242
2026-01-02T09:30:16,GOOGL,365.0639,366
2026-01-02T09:30:16,SPY,774.9789,233
2026-01-02T09:30:16,QQQ,679.4456,208
2026-01-02T09:30:17,AAPL,280.4509,636
2026-01-02T09:30:17,MSFT,400.6291,601
2026-01-02T09:30:17,NVDA,200.5214,309
2026-01-02T09:30:17,TSLA,275.8294,899
2026-01-02T09:30:17,AMD,160.1039,786
2026-01-02T09:30:17,AMZN,276.0544,200
2026-01-02T09:30:17,META,593.4120,767
2026-01-02T09:30:17,GOOGL,365.2850,408
2026-01-02T09:30:17,SPY,774.3401,798
2026-01-02T09:30:17,QQQ,679.0200,125
2026-01-02T09:30:18,AAPL,280.3361,302
2026-01-02T09:30:18,MSFT,401.5489,207
2026-01-02T09:30:18,NVDA,200.4181,414
2026-01-02T09:30:18,TSLA,276.1723,517
2026-01-02T09:30:18,AMD,160.0775,123
2026-01-02T09:30:18,AMZN,276.0652,182
2026-01-02T09:30:18,META,592.9393,335
2026-01-02T09:30:18,GOOGL,364.9510,150
2026-01-02T09:30:18,SPY,773.5091,238
2026-01-02T09:30:18,QQQ,677.8080,716
2026-01-02T09:30:19,AAPL,280.3938,418
2026-01-02T09:30:19,MSFT,401.3234,825
2026-01-02T09:30:19,NVDA,200.7157,803
2026-01-02T09:30:19,TSLA,276.0671,577
2026-01-02T09:30:19,AMD,159.9770,512
2026-01-02T09:30:19,AMZN,275.8023,312
2026-01-02T09:30:19,META,592.0601,734
2026-01-02T09:30:19,GOOGL,365.0606,462
2026-01-02T09:30:19,SPY,774.8087,635
2026-01-02T09:30:19,QQQ,678.9048,330
2026-01-02T09:30:20,AAPL,280.4096,685
2026-01-02T09:30:20,MSFT,401.6509,805
2026-01-02T09:30:20,NVDA,200.8119,231
2026-01-02T09:30:20,TSLA,276.4283,854
2026-01-02T09:30:20,AMD,159.9621,482
2026-01-02T09:30:20,AMZN,276.2002,234
2026-01-02T09:30:20,META,592.8917,220
2026-01-02T09:30:20,GOOGL,365.0319,586
2026-01-02T09:30:20,SPY,774.1281,305
2026-01-02T09:30:20,QQQ,677.7557,347
2026-01-02T09:30:21,AAPL,280.0395,124
2026-01-02T09:30:21,MSFT,401.4436,835
2026-01-02T09:30:21,NVDA,200.7636,342
2026-01-02T09:30:21,TSLA,276.0363,349
2026-01-02T09:30:21,AMD,159.6865,680
2026-01-02T09:30:21,AMZN,276.0224,311
2026-01-02T09:30:21,META,593.3025,441
2026-01-02T09:30:21,GOOGL,365.9570,242
2026-01-02T09:30:21,SPY,775.0475,371
2026-01-02T09:30:21,QQQ,679.4891,756
2026-01-02T09:30:22,AAPL,280.3512,302
2026-01-02T09:30:22,MSFT,400.7628,799
2026-01-02T09:30:22,NVDA,200.5623,588
2026-01-02T09:30:22,TSLA,276.1561,649
2026-01-02T09:30:22,AMD,159.9457,629
2026-01-02T09:30:22,AMZN,276.2144,608
2026-01-02T09:30:22,META,593.0623,458
2026-01-02T09:30:22,GOOGL,365.8957,712
2026-01-02T09:30:22,SPY,775.0177,833
2026-01-02T09:30:22,QQQ,679.2857,157
2026-01-02T09:30:23,AAPL,280.4560,693
2026-01-02T09:30:23,MSFT,400.8252,353
2026-01-02T09:30:23,NVDA,200.4936,93
2026-01-02T09:30:23,TSLA,276.2183,459
2026-01-02T09:30:23,AMD,159.7906,357
2026-01-02T09:30:23,AMZN,276.1930,469
2026-01-02T09:30:23,META,592.6813,407
2026-01-02T09:30:23,GOOGL,365.5790,554
2026-01-02T09:30:23,SPY,773.4131,656
2026-01-02T09:30:23,QQQ,677.7348,543
2026-01-02T09:30:24,AAPL,280.3815,472
2026-01-02T09:30:24,MSFT,400.9734,397
2026-01-02T09:30:24,NVDA,200.3972,652
2026-01-02T09:30:24,TSLA,276.0294,667
2026-01-02T09:30:24,AMD,159.6668,210
2026-01-02T09:30:24,AMZN,276.0780,142
2026-01-02T09:30:24,META,593.1826,274
2026-01-02T09:30:24,GOOGL,365.1079,621
2026-01-02T09:30:24,SPY,772.9223,526
2026-01-02T09:30:24,QQQ,677.9521,304
2026-01-02T09:30:25,AAPL,280.0485,135
2026-01-02T09:30:25,MSFT,400.7768,771
2026-01-02T09:30:25,NVDA,200.4087,187
2026-01-02T09:30:25,TSLA,276.5977,626
2026-01-02T09:30:25,AMD,159.7973,451
2026-01-02T09:30:25,AMZN,275.8966,567
2026-01-02T09:30:25,META,592.6428,846
2026-01-02T09:30:25,GOOGL,365.2339,713
2026-01-02T09:30:25,SPY,773.1823,585
2026-01-02T09:30:25,QQQ,678.7820,81
2026-01-02T09:30:26,AAPL,279.9846,570
2026-01-02T09:30:26,MSFT,400.6802,458
2026-01-02T09:30:26,NVDA,200.6034,312
2026-01-02T09:30:26,TSLA,276.3820,758
2026-01-02T09:30:26,AMD,159.7592,777
2026-01-02T09:30:26,AMZN,276.2312,262
2026-01-02T09:30:26,META,593.2367,520
2026-01-02T09:30:26,GOOGL,365.0943,850
2026-01-02T09:30:26,SPY,774.1827,261
2026-01-02T09:30:26,QQQ,677.7876,157
2026-01-02T09:30:27,AAPL,280.0575,456
2026-01-02T09:30:27,MSFT,401.3723,749
2026-01-02T09:30:27,NVDA,200.4035,206
2026-01-02T09:30:27,TSLA,276.0521,580
2026-01-02T09:30:27,AMD,159.7694,466
2026-01-02T09:30:27,AMZN,276.5952,234
2026-01-02T09:30:27,META,593.5367,225
2026-01-02T09:30:27,GOOGL,364.9116,884
2026-01-02T09:30:27,SPY,773.6029,876
2026-01-02T09:30:27,QQQ,678.1090,407
2026-01-02T09:30:28,AAPL,280.2561,899
2026-01-02T09:30:28,MSFT,401.2922,493
2026-01-02T09:30:28,NVDA,200.6656,429
2026-01-02T09:30:28,TSLA,276.4805,574
2026-01-02T09:30:28,AMD,160.0624,725
2026-01-02T09:30:28,AMZN,276.2978,483
2026-01-02T09:30:28,META,593.0288,267
2026-01-02T09:30:28,GOOGL,365.1960,131
2026-01-02T09:30:28,SPY,773.8018,106
2026-01-02T09:30:28,QQQ,678.2352,624
2026-01-02T09:30:29,AAPL,280.3853,898
2026-01-02T09:30:29,MSFT,401.6750,455
2026-01-02T09:30:29,NVDA,200.4754,888
2026-01-02T09:30:29,TSLA,276.0920,689
2026-01-02T09:30:29,AMD,160.0420,664
2026-01-02T09:30:29,AMZN,276.2455,311
2026-01-02T09:30:29,META,593.4709,771
2026-01-02T09:30:29,GOOGL,365.8694,623
2026-01-02T09:30:29,SPY,774.3378,601
2026-01-02T09:30:29,QQQ,678.2898,280
2026-01-02T09:30:30,AAPL,280.1332,293
2026-01-02T09:30:30,MSFT,401.0235,519
2026-01-02T09:30:30,NVDA,200.4591,545
2026-01-02T09:30:30,TSLA,276.0545,230
2026-01-02T09:30:30,AMD,159.7445,222
2026-01-02T09:30:30,AMZN,276.6055,622
2026-01-02T09:30:30,META,592.8521,643
2026-01-02T09:30:30,GOOGL,364.8000,124
2026-01-02T09:30:30,SPY,773.0239,491
2026-01-02T09:30:30,QQQ,679.2979,447
2026-01-02T09:30:31,AAPL,280.4356,812
2026-01-02T09:30:31,MSFT,400.7949,227
2026-01-02T09:30:31,NVDA,200.9066,422
2026-01-02T09:30:31,TSLA,276.1535,529
2026-01-02T09:30:31,AMD,159.8038,699
2026-01-02T09:30:31,AMZN,276.1200,199
2026-01-02T09:30:31,META,593.5077,385
2026-01-02T09:30:31,GOOGL,365.1395,791
2026-01-02T09:30:31,SPY,774.6121,509
2026-01-02T09:30:31,QQQ,677.7498,350
2026-01-02T09:30:32,AAPL,280.1166,869
2026-01-02T09:30:32,MSFT,400.8330,695
2026-01-02T09:30:32,NVDA,200.8626,374
2026-01-02T09:30:32,TSLA,276.1214,794
2026-01-02T09:30:32,AMD,160.0368,550
2026-01-02T09:30:32,AMZN,276.2041,762
2026-01-02T09:30:32,META,593.8337,617
2026-01-02T09:30:32,GOOGL,365.2309,249
2026-01-02T09:30:32,SPY,773.3596,637
2026-01-02T09:30:32,QQQ,677.9072,578
2026-01-02T09:30:33,AAPL,280.2362,563
2026-01-02T09:30:33,MSFT,401.8231,432
2026-01-02T09:30:33,NVDA,200.8460,308
2026-01-02T09:30:33,TSLA,276.5555,465
2026-01-02T09:30:33,AMD,159.8737,490
2026-01-02T09:30:33,AMZN,276.0701,673
2026-01-02T09:30:33,META,592.4054,573
2026-01-02T09:30:33,GOOGL,364.7745,645
2026-01-02T09:30:33,SPY,774.4476,699
2026-01-02T09:30:33,QQQ,678.3742,730
2026-01-02T09:30:34,AAPL,280.3603,544
2026-01-02T09:30:34,MSFT,401.6174,509
2026-01-02T09:30:34,NVDA,200.4897,677
2026-01-02T09:30:34,TSLA,276.4098,122
2026-01-02T09:30:34,AMD,159.6500,795
2026-01-02T09:30:34,AMZN,276.2093,805
2026-01-02T09:30:34,META,593.0106,667
2026-01-02T09:30:34,GOOGL,364.9458,316
2026-01-02T09:30:34,SPY,773.4537,634
2026-01-02T09:30:34,QQQ,678.8413,545
2026-01-02T09:30:35,AAPL,280.2027,220
2026-01-02T09:30:35,MSFT,401.3165,378
2026-01-02T09:30:35,NVDA,200.7336,526
2026-01-02T09:30:35,TSLA,276.6765,228
2026-01-02T09:30:35,AMD,159.8663,501
2026-01-02T09:30:35,AMZN,275.9217,533
2026-01-02T09:30:35,META,592.6986,551
2026-01-02T09:30:35,GOOGL,365.3141,746
2026-01-02T09:30:35,SPY,774.2194,485
2026-01-02T09:30:35,QQQ,678.9440,658
2026-01-02T09:30:36,AAPL,279.8895,315
2026-01-02T09:30:36,MSFT,401.0387,692
2026-01-02T09:30:36,NVDA,200.5796,255
2026-01-02T09:30:36,TSLA,276.0721,600
2026-01-02T09:30:36,AMD,160.0315,699
2026-01-02T09:30:36,AMZN,276.0119,620
2026-01-02T09:30:36,META,593.7800,162
2026-01-02T09:30:36,GOOGL,365.7203,530
2026-01-02T09:30:36,SPY,773.9178,300
2026-01-02T09:30:36,QQQ,678.8319,507
2026-01-02T09:30:37,AAPL,280.4990,273
2026-01-02T09:30:37,MSFT,401.6889,779
2026-01-02T09:30:37,NVDA,200.4859,99
2026-01-02T09:30:37,TSLA,276.7601,722
2026-01-02T09:30:37,AMD,159.8359,760
2026-01-02T09:30:37,AMZN,276.6342,740
2026-01-02T09:30:37,META,593.4484,465
2026-01-02T09:30:37,GOOGL,365.2141,890
2026-01-02T09:30:37,SPY,774.5182,199
2026-01-02T09:30:37,QQQ,678.3791,841
2026-01-02T09:30:38,AAPL,280.3778,317
2026-01-02T09:30:38,MSFT,401.1025,431
2026-01-02T09:30:38,NVDA,200.9768,870
2026-01-02T09:30:38,TSLA,276.6028,618
2026-01-02T09:30:38,AMD,159.9428,129
2026-01-02T09:30:38,AMZN,276.1584,815
2026-01-02T09:30:38,META,592.8161,716
2026-01-02T09:30:38,GOOGL,365.7379,739
2026-01-02T09:30:38,SPY,773.6466,398
2026-01-02T09:30:38,QQQ,677.2312,812
2026-01-02T09:30:39,AAPL,279.9874,750
2026-01-02T09:30:39,MSFT,401.5818,876
2026-01-02T09:30:39,NVDA,200.5943,812
2026-01-02T09:30:39,TSLA,276.7756,156
2026-01-02T09:30:39,AMD,159.6128,331
2026-01-02T09:30:39,AMZN,276.2888,297
2026-01-02T09:30:39,META,593.5430,618
2026-01-02T09:30:39,GOOGL,364.9231,898
2026-01-02T09:30:39,SPY,772.7729,351
2026-01-02T09:30:39,QQQ,679.1195,408
2026-01-02T09:31:40,AAPL,280.6890,553
2026-01-02T09:31:40,MSFT,401.6073,391
2026-01-02T09:31:40,NVDA,200.7007,456
2026-01-02T09:31:40,TSLA,276.6414,533
2026-01-02T09:31:40,AMD,159.9346,880
2026-01-02T09:31:40,AMZN,276.5328,298
2026-01-02T09:31:40,META,592.6367,385
2026-01-02T09:31:40,GOOGL,365.1103,552
2026-01-02T09:31:40,SPY,774.4345,220
2026-01-02T09:31:40,QQQ,677.9479,847
2026-01-02T09:31:41,AAPL,280.7033,309
2026-01-02T09:31:41,MSFT,401.7786,700
2026-01-02T09:31:41,NVDA,200.8957,474
2026-01-02T09:31:41,TSLA,276.8095,359
2026-01-02T09:31:41,AMD,159.9368,148
2026-01-02T09:31:41,AMZN,276.2000,525
2026-01-02T09:31:41,META,593.8173,132
2026-01-02T09:31:41,GOOGL,364.9560,581
2026-01-02T09:31:41,SPY,773.1838,93
2026-01-02T09:31:41,QQQ,679.0971,481
2026-01-02T09:31:42,AAPL,279.9542,635
2026-01-02T09:31:42,MSFT,400.9305,522
2026-01-02T09:31:42,NVDA,200.8096,521
2026-01-02T09:31:42,TSLA,276.6249,432
2026-01-02T09:31:42,AMD,159.7153,828
2026-01-02T09:31:42,AMZN,276.7282,94
2026-01-02T09:31:42,META,592.9165,613
2026-01-02T09:31:42,GOOGL,364.7714,393
2026-01-02T09:31:42,SPY,773.9407,134
2026-01-02T09:31:42,QQQ,678.7566,236
2026-01-02T09:31:43,AAPL,280.7378,272
2026-01-02T09:31:43,MSFT,400.9304,620
2026-01-02T09:31:43,NVDA,200.8943,141
2026-01-02T09:31:43,TSLA,276.3962,429
2026-01-02T09:31:43,AMD,159.7781,560
2026-01-02T09:31:43,AMZN,276.5497,213
2026-01-02T09:31:43,META,593.8797,443
2026-01-02T09:31:43,GOOGL,365.5253,679
2026-01-02T09:31:43,SPY,774.4054,406
2026-01-02T09:31:43,QQQ,677.6594,832
2026-01-02T09:31:44,AAPL,280.5688,684
2026-01-02T09:31:44,MSFT,401.9097,111
2026-01-02T09:31:44,NVDA,201.0445,559
2026-01-02T09:31:44,TSLA,276.2061,87
2026-01-02T09:31:44,AMD,159.5936,648
2026-01-02T09:31:44,AMZN,276.6496,657
2026-01-02T09:31:44,META,593.1604,458
2026-01-02T09:31:44,GOOGL,365.2498,117
2026-01-02T09:31:44,SPY,772.2432,406
2026-01-02T09:31:44,QQQ,677.8448,810
2026-01-02T09:31:45,AAPL,280.7248,676
2026-01-02T09:31:45,MSFT,402.0892,339
2026-01-02T09:31:45,NVDA,201.0765,230
2026-01-02T09:31:45,TSLA,276.6400,563
2026-01-02T09:31:45,AMD,159.7281,381
2026-01-02T09:31:45,AMZN,276.1239,387
2026-01-02T09:31:45,META,592.6289,429
2026-01-02T09:31:45,GOOGL,364.6662,445
2026-01-02T09:31:45,SPY,772.8002,415
2026-01-02T09:31:45,QQQ,677.3963,702
2026-01-02T09:31:46,AAPL,280.4810,471
2026-01-02T09:31:46,MSFT,401.3657,199
2026-01-02T09:31:46,NVDA,200.6281,898
2026-01-02T09:31:46,TSLA,276.7133,400
2026-01-02T09:31:46,AMD,159.6943,895
2026-01-02T09:31:46,AMZN,276.2845,589
2026-01-02T09:31:46,META,593.6740,587
2026-01-02T09:31:46,GOOGL,365.2061,125
2026-01-02T09:31:46,SPY,773.3791,459
2026-01-02T09:31:46,QQQ,678.2527,296
2026-01-02T09:31:47,AAPL,280.4085,611
2026-01-02T09:31:47,MSFT,402.0849,408
2026-01-02T09:31:47,NVDA,200.8024,684
2026-01-02T09:31:47,TSLA,276.9173,107
2026-01-02T09:31:47,AMD,159.8317,666
2026-01-02T09:31:47,AMZN,276.1022,283
2026-01-02T09:31:47,META,592.5515,475
2026-01-02T09:31:47,GOOGL,365.2307,295
2026-01-02T09:31:47,SPY,772.7013,809
2026-01-02T09:31:47,QQQ,678.2066,468
2026-01-02T09:31:48,AAPL,280.4225,256
2026-01-02T09:31:48,MSFT,401.3470,826
2026-01-02T09:31:48,NVDA,200.7884,540
2026-01-02T09:31:48,TSLA,276.7631,305
2026-01-02T09:31:48,AMD,159.9263,508
2026-01-02T09:31:48,AMZN,276.5559,781
2026-01-02T09:31:48,META,593.7763,320
2026-01-02T09:31:48,GOOGL,365.0567,389
2026-01-02T09:31:48,SPY,773.6823,679
2026-01-02T09:31:48,QQQ,677.9216,176
2026-01-02T09:31:49,AAPL,280.4829,143
2026-01-02T09:31:49,MSFT,401.3490,740
2026-01-02T09:31:49,NVDA,201.0984,601
2026-01-02T09:31:49,TSLA,276.4497,279
2026-01-02T09:31:49,AMD,159.5501,872
2026-01-02T09:31:49,AMZN,276.0759,83
2026-01-02T09:31:49,META,593.4250,249
2026-01-02T09:31:49,GOOGL,364.5892,778
2026-01-02T09:31:49,SPY,773.1770,123
2026-01-02T09:31:49,QQQ,677.9634,768
2026-01-02T09:31:50,AAPL,280.2983,238
2026-01-02T09:31:50,MSFT,401.9131,267
2026-01-02T09:31:50,NVDA,201.1217,543
2026-01-02T09:31:50,TSLA,276.5651,425
2026-01-02T09:31:50,AMD,159.9345,91
2026-01-02T09:31:50,AMZN,276.3534,484
2026-01-02T09:31:50,META,593.4015,539
2026-01-02T09:31:50,GOOGL,365.4251,593
2026-01-02T09:31:50,SPY,772.3665,311
2026-01-02T09:31:50,QQQ,678.1480,658
2026-01-02T09:31:51,AAPL,280.1300,325
2026-01-02T09:31:51,MSFT,401.3256,513
2026-01-02T09:31:51,NVDA,201.1421,284
2026-01-02T09:31:51,TSLA,276.3530,740
2026-01-02T09:31:51,AMD,159.9202,512
2026-01-02T09:31:51,AMZN,276.6770,543
2026-01-02T09:31:51,META,594.1794,313
2026-01-02T09:31:51,GOOGL,364.9812,395
2026-01-02T09:31:51,SPY,774.3374,619
2026-01-02T09:31:51,QQQ,677.1793,633
2026-01-02T09:31:52,AAPL,280.0388,412
2026-01-02T09:31:52,MSFT,401.7302,709
2026-01-02T09:31:52,NVDA,200.7701,611
2026-01-02T09:31:52,TSLA,276.9662,714
2026-01-02T09:31:52,AMD,159.7110,335
2026-01-02T09:31:52,AMZN,276.7128,572
2026-01-02T09:31:52,META,593.4895,108
2026-01-02T09:31:52,GOOGL,364.5278,192
2026-01-02T09:31:52,SPY,772.5918,658
2026-01-02T09:31:52,QQQ,678.6278,506
2026-01-02T09:31:53,AAPL,280.7959,758
2026-01-02T09:31:53,MSFT,401.2124,734
2026-01-02T09:31:53,NVDA,200.6677,839
2026-01-02T09:31:53,TSLA,276.2632,441
2026-01-02T09:31:53,AMD,159.8949,828
2026-01-02T09:31:53,AMZN,276.3947,269
2026-01-02T09:31:53,META,593.6422,500
2026-01-02T09:31:53,GOOGL,364.6621,805
2026-01-02T09:31:53,SPY,773.2605,621
2026-01-02T09:31:53,QQQ,677.0365,686
2026-01-02T09:31:54,AAPL,280.4114,186
2026-01-02T09:31:54,MSFT,401.3062,561
2026-01-02T09:31:54,NVDA,200.8647,835
2026-01-02T09:31:54,TSLA,276.7572,180
2026-01-02T09:31:54,AMD,159.7333,891
2026-01-02T09:31:54,AMZN,276.3959,816
2026-01-02T09:31:54,META,592.9117,738
2026-01-02T09:31:54,GOOGL,365.0516,437
2026-01-02T09:31:54,SPY,774.1949,365
2026-01-02T09:31:54,QQQ,678.1416,686
2026-01-02T09:31:55,AAPL,280.3438,348
2026-01-02T09:31:55,MSFT,401.6296,257
2026-01-02T09:31:55,NVDA,200.7387,341
2026-01-02T09:31:55,TSLA,276.2376,400
2026-01-02T09:31:55,AMD,159.4837,790
2026-01-02T09:31:55,AMZN,276.8256,155
2026-01-02T09:31:55,META,594.0614,648
2026-01-02T09:31:55,GOOGL,364.5334,711
2026-01-02T09:31:55,SPY,772.6653,650
2026-01-02T09:31:55,QQQ,678.1078,782
2026-01-02T09:31:56,AAPL,280.4500,647
2026-01-02T09:31:56,MSFT,401.8757,539
2026-01-02T09:31:56,NVDA,201.1065,255
2026-01-02T09:31:56,TSLA,276.4262,238
2026-01-02T09:31:56,AMD,159.5634,828
2026-01-02T09:31:56,AMZN,276.2923,168
2026-01-02T09:31:56,META,593.0059,447
2026-01-02T09:31:56,GOOGL,364.7441,222
2026-01-02T09:31:56,SPY,773.8682,327
2026-01-02T09:31:56,QQQ,677.5310,111
2026-01-02T09:31:57,AAPL,280.2983,626
2026-01-02T09:31:57,MSFT,402.1767,887
2026-01-02T09:31:57,NVDA,200.6805,784
2026-01-02T09:31:57,TSLA,276.4382,220
2026-01-02T09:31:57,AMD,159.5673,765
2026-01-02T09:31:57,AMZN,276.4830,304
2026-01-02T09:31:57,META,593.6545,177
2026-01-02T09:31:57,GOOGL,364.5424,493
2026-01-02T09:31:57,SPY,772.2048,466
2026-01-02T09:31:57,QQQ,676.6768,210
2026-01-02T09:31:58,AAPL,280.8945,337
2026-01-02T09:31:58,MSFT,401.8508,406
2026-01-02T09:31:58,NVDA,200.6245,476
2026-01-02T09:31:58,TSLA,276.9792,244
2026-01-02T09:31:58,AMD,159.9023,726
2026-01-02T09:31:58,AMZN,276.7632,750
2026-01-02T09:31:58,META,593.0207,122
2026-01-02T09:31:58,GOOGL,365.2814,99
2026-01-02T09:31:58,SPY,773.2954,718
2026-01-02T09:31:58,QQQ,677.9233,797
2026-01-02T09:31:59,AAPL,280.8438,461
2026-01-02T09:31:59,MSFT,402.2689,878
2026-01-02T09:31:59,NVDA,200.6730,359
2026-01-02T09:31:59,TSLA,276.2394,221
2026-01-02T09:31:59,AMD,159.6935,878
2026-01-02T09:31:59,AMZN,276.2048,791
2026-01-02T09:31:59,META,592.8627,830
2026-01-02T09:31:59,GOOGL,364.5465,539
2026-01-02T09:31:59,SPY,772.4146,786
2026-01-02T09:31:59,QQQ,677.8552,326
2026-01-02T09:31:00,AAPL,280.5154,666
2026-01-02T09:31:00,MSFT,401.9051,614
2026-01-02T09:31:00,NVDA,201.0896,108
2026-01-02T09:31:00,TSLA,276.4524,619
2026-01-02T09:31:00,AMD,159.5758,540
2026-01-02T09:31:00,AMZN,276.1816,321
2026-01-02T09:31:00,META,593.9213,468
2026-01-02T09:31:00,GOOGL,364.9440,242
2026-01-02T09:31:00,SPY,772.4203,886
2026-01-02T09:31:00,QQQ,677.0936,878
2026-01-02T09:31:01,AAPL,280.3802,105
2026-01-02T09:31:01,MSFT,401.9410,612
2026-01-02T09:31:01,NVDA,200.6954,545
2026-01-02T09:31:01,TSLA,276.7741,367
2026-01-02T09:31:01,AMD,159.7819,364
2026-01-02T09:31:01,AMZN,276.8201,146
2026-01-02T09:31:01,META,594.0566,471
2026-01-02T09:31:01,GOOGL,364.4555,637
2026-01-02T09:31:01,SPY,772.3299,452
2026-01-02T09:31:01,QQQ,677.7445,445
2026-01-02T09:31:02,AAPL,280.4651,421
2026-01-02T09:31:02,MSFT,401.5874,536
2026-01-02T09:31:02,NVDA,201.1639,89
2026-01-02T09:31:02,TSLA,276.4145,345
2026-01-02T09:31:02,AMD,159.7460,689
2026-01-02T09:31:02,AMZN,276.5934,549
2026-01-02T09:31:02,META,593.5649,711
2026-01-02T09:31:02,GOOGL,364.4965,568
2026-01-02T09:31:02,SPY,773.6055,92
2026-01-02T09:31:02,QQQ,677.0252,827
2026-01-02T09:31:03,AAPL,280.8605,123
2026-01-02T09:31:03,MSFT,401.2182,523
2026-01-02T09:31:03,NVDA,201.1579,669
2026-01-02T09:31:03,TSLA,276.7997,597
2026-01-02T09:31:03,AMD,159.7755,304
2026-01-02T09:31:03,AMZN,276.2048,414
2026-01-02T09:31:03,META,592.8509,672
2026-01-02T09:31:03,GOOGL,364.4601,340
2026-01-02T09:31:03,SPY,773.0503,101
2026-01-02T09:31:03,QQQ,676.5361,748
2026-01-02T09:31:04,AAPL,280.7384,847
2026-01-02T09:31:04,MSFT,401.2965,808
2026-01-02T09:31:04,NVDA,200.6786,499
2026-01-02T09:31:04,TSLA,276.7798,641
2026-01-02T09:31:04,AMD,159.7426,262
2026-01-02T09:31:04,AMZN,276.7484,864
2026-01-02T09:31:04,META,593.0811,401
2026-01-02T09:31:04,GOOGL,365.0330,414
2026-01-02T09:31:04,SPY,771.7125,489
2026-01-02T09:31:04,QQQ,677.8461,154
2026-01-02T09:31:05,AAPL,280.6166,88
2026-01-02T09:31:05,MSFT,402.0661,747
2026-01-02T09:31:05,NVDA,201.1257,429
2026-01-02T09:31:05,TSLA,277.0003,854
2026-01-02T09:31:05,AMD,159.7688,612
2026-01-02T09:31:05,AMZN,276.5028,158
2026-01-02T09:31:05,META,593.6116,868
2026-01-02T09:31:05,GOOGL,365.3809,623
2026-01-02T09:31:05,SPY,772.0086,284
2026-01-02T09:31:05,QQQ,677.1288,616
2026-01-02T09:31:06,AAPL,280.7913,298
2026-01-02T09:31:06,MSFT,401.3599,345
2026-01-02T09:31:06,NVDA,201.2272,678
2026-01-02T09:31:06,TSLA,276.6200,793
2026-01-02T09:31:06,AMD,159.7170,354
2026-01-02T09:31:06,AMZN,276.4407,168
2026-01-02T09:31:06,META,594.1030,259
2026-01-02T09:31:06,GOOGL,364.8135,604
2026-01-02T09:31:06,SPY,771.6873,316
2026-01-02T09:31:06,QQQ,678.3018,721
2026-01-02T09:31:07,AAPL,280.7960,126
2026-01-02T09:31:07,MSFT,402.3208,845
2026-01-02T09:31:07,NVDA,201.0097,246
2026-01-02T09:31:07,TSLA,276.9100,536
2026-01-02T09:31:07,AMD,159.8302,678
2026-01-02T09:31:07,AMZN,276.4038,744
2026-01-02T09:31:07,META,594.1088,653
2026-01-02T09:31:07,GOOGL,364.9758,452
2026-01-02T09:31:07,SPY,772.7937,199
2026-01-02T09:31:07,QQQ,677.1870,812
2026-01-02T09:31:08,AAPL,280.3767,626
2026-01-02T09:31:08,MSFT,401.3893,760
2026-01-02T09:31:08,NVDA,201.1004,664
2026-01-02T09:31:08,TSLA,276.4972,873
2026-01-02T09:31:08,AMD,159.4642,242
2026-01-02T09:31:08,AMZN,277.0431,479
2026-01-02T09:31:08,META,593.4258,900
2026-01-02T09:31:08,GOOGL,364.4334,706
2026-01-02T09:31:08,SPY,772.6893,730
2026-01-02T09:31:08,QQQ,678.3119,107
2026-01-02T09:31:09,AAPL,280.5097,512
2026-01-02T09:31:09,MSFT,402.3957,591
2026-01-02T09:31:09,NVDA,200.7574,541
2026-01-02T09:31:09,TSLA,276.4456,368
2026-01-02T09:31:09,AMD,159.8661,302
2026-01-02T09:31:09,AMZN,276.8407,865
2026-01-02T09:31:09,META,594.2212,98
2026-01-02T09:31:09,GOOGL,364.8138,600
2026-01-02T09:31:09,SPY,773.1355,368
2026-01-02T09:31:09,QQQ,676.6749,541
2026-01-02T09:31:10,AAPL,280.8083,859
2026-01-02T09:31:10,MSFT,401.4966,422
2026-01-02T09:31:10,NVDA,201.1683,511
2026-01-02T09:31:10,TSLA,276.5260,163
2026-01-02T09:31:10,AMD,159.5579,403
2026-01-02T09:31:10,AMZN,276.2828,676
2026-01-02T09:31:10,META,593.1993,536
2026-01-02T09:31:10,GOOGL,364.7759,259
2026-01-02T09:31:10,SPY,771.9942,196
2026-01-02T09:31:10,QQQ,677.8198,747
2026-01-02T09:31:11,AAPL,280.4928,593
2026-01-02T09:31:11,MSFT,401.6881,293
2026-01-02T09:31:11,NVDA,201.1690,173
2026-01-02T09:31:11,TSLA,277.1219,431
2026-01-02T09:31:11,AMD,159.6633,612
2026-01-02T09:31:11,AMZN,276.3670,742
2026-01-02T09:31:11,META,593.7959,117
2026-01-02T09:31:11,GOOGL,364.3722,444
2026-01-02T09:31:11,SPY,772.2302,719
2026-01-02T09:31:11,QQQ,676.8898,239
2026-01-02T09:31:12,AAPL,280.3828,516
2026-01-02T09:31:12,MSFT,402.2542,616
2026-01-02T09:31:12,NVDA,200.8381,248
2026-01-02T09:31:12,TSLA,276.6930,187
2026-01-02T09:31:12,AMD,159.4629,559
2026-01-02T09:31:12,AMZN,276.7503,753
2026-01-02T09:31:12,META,594.1283,631
2026-01-02T09:31:12,GOOGL,364.3762,631
2026-01-02T09:31:12,SPY,773.4280,749
2026-01-02T09:31:12,QQQ,678.1669,717
2026-01-02T09:31:13,AAPL,280.8529,197
2026-01-02T09:31:13,MSFT,401.5556,248
2026-01-02T09:31:13,NVDA,200.9036,859
2026-01-02T09:31:13,TSLA,276.5660,379
2026-01-02T09:31:13,AMD,159.4497,125
2026-01-02T09:31:13,AMZN,276.5409,205
2026-01-02T09:31:13,META,594.5228,641
2026-01-02T09:31:13,GOOGL,364.8304,735
2026-01-02T09:31:13,SPY,772.2755,559
2026-01-02T09:31:13,QQQ,676.7730,456
2026-01-02T09:31:14,AAPL,280.9206,522
2026-01-02T09:31:14,MSFT,402.2034,812
2026-01-02T09:31:14,NVDA,200.8493,701
2026-01-02T09:31:14,TSLA,277.0845,321
2026-01-02T09:31:14,AMD,159.5277,636
2026-01-02T09:31:14,AMZN,276.3871,878
2026-01-02T09:31:14,META,593.7085,394
2026-01-02T09:31:14,GOOGL,364.8130,765
2026-01-02T09:31:14,SPY,771.6649,500
2026-01-02T09:31:14,QQQ,677.7592,85
2026-01-02T09:31:15,AAPL,280.5802,251
2026-01-02T09:31:15,MSFT,401.8536,671
2026-01-02T09:31:15,NVDA,201.1156,818
2026-01-02T09:31:15,TSLA,276.9721,616
2026-01-02T09:31:15,AMD,159.7968,245
2026-01-02T09:31:15,AMZN,276.8512,181
2026-01-02T09:31:15,META,593.3331,811
2026-01-02T09:31:15,GOOGL,365.2547,282
2026-01-02T09:31:15,SPY,772.0661,473
2026-01-02T09:31:15,QQQ,677.2342,393
2026-01-02T09:31:16,AAPL,280.7933,258
2026-01-02T09:31:16,MSFT,401.7025,620
2026-01-02T09:31:16,NVDA,201.1997,643
2026-01-02T09:31:16,TSLA,276.7828,713
2026-01-02T09:31:16,AMD,159.7116,659
2026-01-02T09:31:16,AMZN,276.8839,93
2026-01-02T09:31:16,META,593.9974,587
2026-01-02T09:31:16,GOOGL,365.0915,141
2026-01-02T09:31:16,SPY,773.2830,475
2026-01-02T09:31:16,QQQ,676.5616,530
2026-01-02T09:31:17,AAPL,280.5137,399
2026-01-02T09:31:17,MSFT,401.5899,281
2026-01-02T09:31:17,NVDA,200.8580,390
2026-01-02T09:31:17,TSLA,276.9243,283
2026-01-02T09:31:17,AMD,159.3592,648
2026-01-02T09:31:17,AMZN,276.7330,182
2026-01-02T09:31:17,META,594.8031,273
2026-01-02T09:31:17,GOOGL,364.3928,636
2026-01-02T09:31:17,SPY,772.2861,430
2026-01-02T09:31:17,QQQ,676.5600,178
2026-01-02T09:31:18,AAPL,281.0119,745
2026-01-02T09:31:18,MSFT,402.4144,658
2026-01-02T09:31:18,NVDA,201.0613,898
2026-01-02T09:31:18,TSLA,276.8279,500
2026-01-02T09:31:18,AMD,159.4824,256
2026-01-02T09:31:18,AMZN,276.7195,262
2026-01-02T09:31:18,META,593.3701,215
2026-01-02T09:31:18,GOOGL,364.4903,413
2026-01-02T09:31:18,SPY,771.6357,777
2026-01-02T09:31:18,QQQ,676.2442,608
2026-01-02T09:31:19,AAPL,280.6492,631
2026-01-02T09:31:19,MSFT,401.5505,518
2026-01-02T09:31:19,NVDA,201.0373,550
2026-01-02T09:31:19,TSLA,277.1820,742
2026-01-02T09:31:19,AMD,159.5241,502
2026-01-02T09:31:19,AMZN,276.9929,500
2026-01-02T09:31:19,META,594.4893,860
2026-01-02T09:31:19,GOOGL,364.8875,465
2026-01-02T09:31:19,SPY,771.8468,695
2026-01-02T09:31:19,QQQ,677.6186,369
2026-01-02T09:31:20,AAPL,281.0994,543
2026-01-02T09:31:20,MSFT,401.9554,394
2026-01-02T09:31:20,NVDA,200.9392,887
2026-01-02T09:31:20,TSLA,276.7917,216
2026-01-02T09:31:20,AMD,159.5553,718
2026-01-02T09:31:20,AMZN,276.6193,557
2026-01-02T09:31:20,META,594.2814,651
2026-01-02T09:31:20,GOOGL,364.7902,337
2026-01-02T09:31:20,SPY,772.2552,240
2026-01-02T09:31:20,QQQ,676.3038,745
2026-01-02T09:31:21,AAPL,280.8863,178
2026-01-02T09:31:21,MSFT,402.2845,162
2026-01-02T09:31:21,NVDA,200.9738,787
2026-01-02T09:31:21,TSLA,277.1510,747
2026-01-02T09:31:21,AMD,159.7335,527
2026-01-02T09:31:21,AMZN,276.4875,119
2026-01-02T09:31:21,META,593.5295,600
2026-01-02T09:31:21,GOOGL,364.3300,481
2026-01-02T09:31:21,SPY,773.2302,862
2026-01-02T09:31:21,QQQ,677.8755,250
2026-01-02T09:31:22,AAPL,280.4294,840
2026-01-02T09:31:22,MSFT,402.3680,600
2026-01-02T09:31:22,NVDA,201.0375,208
2026-01-02T09:31:22,TSLA,276.7325,601
2026-01-02T09:31:22,AMD,159.6239,810
2026-01-02T09:31:22,AMZN,276.8293,527
2026-01-02T09:31:22,META,594.2888,531
2026-01-02T09:31:22,GOOGL,364.3005,680
2026-01-02T09:31:22,SPY,772.0888,506
2026-01-02T09:31:22,QQQ,677.4181,365
2026-01-02T09:31:23,AAPL,280.5029,891
2026-01-02T09:31:23,MSFT,401.7119,725
2026-01-02T09:31:23,NVDA,201.2207,414
2026-01-02T09:31:23,TSLA,276.8852,212
2026-01-02T09:31:23,AMD,159.6342,448
2026-01-02T09:31:23,AMZN,276.4583,117
2026-01-02T09:31:23,META,594.8243,297
2026-01-02T09:31:23,GOOGL,364.2518,410
2026-01-02T09:31:23,SPY,772.0074,90
2026-01-02T09:31:23,QQQ,677.6305,593
2026-01-02T09:31:24,AAPL,280.8664,91
2026-01-02T09:31:24,MSFT,401.9348,205
2026-01-02T09:31:24,NVDA,201.0956,655
2026-01-02T09:31:24,TSLA,277.2133,228
2026-01-02T09:31:24,AMD,159.3881,316
2026-01-02T09:31:24,AMZN,276.9249,786
2026-01-02T09:31:24,META,594.7788,303
2026-01-02T09:31:24,GOOGL,364.3411,173
2026-01-02T09:31:24,SPY,771.3487,317
2026-01-02T09:31:24,QQQ,676.6929,456
2026-01-02T09:31:25,AAPL,280.7659,322
2026-01-02T09:31:25,MSFT,402.3679,184
2026-01-02T09:31:25,NVDA,201.0345,205
2026-01-02T09:31:25,TSLA,276.5472,383
2026-01-02T09:31:25,AMD,159.6999,229
2026-01-02T09:31:25,AMZN,276.7147,216
2026-01-02T09:31:25,META,594.7183,303
2026-01-02T09:31:25,GOOGL,364.0986,713
2026-01-02T09:31:25,SPY,773.2408,234
2026-01-02T09:31:25,QQQ,676.3876,275
2026-01-02T09:31:26,AAPL,280.6257,696
2026-01-02T09:31:26,MSFT,401.7096,665
2026-01-02T09:31:26,NVDA,201.1684,732
2026-01-02T09:31:26,TSLA,276.7689,336
2026-01-02T09:31:26,AMD,159.4042,869
2026-01-02T09:31:26,AMZN,276.7560,526
2026-01-02T09:31:26,META,593.9990,796
2026-01-02T09:31:26,GOOGL,364.2345,826
2026-01-02T09:31:26,SPY,772.9392,506
2026-01-02T09:31:26,QQQ,676.8658,176
2026-01-02T09:31:27,AAPL,280.9064,709
2026-01-02T09:31:27,MSFT,402.2466,812
2026-01-02T09:31:27,NVDA,200.9583,697
2026-01-02T09:31:27,TSLA,276.8285,108
2026-01-02T09:31:27,AMD,159.6317,375
2026-01-02T09:31:27,AMZN,277.0899,688
2026-01-02T09:31:27,META,594.3638,819
2026-01-02T09:31:27,GOOGL,364.4477,812
2026-01-02T09:31:27,SPY,771.3463,707
2026-01-02T09:31:27,QQQ,676.7357,94
2026-01-02T09:31:28,AAPL,280.8504,658
2026-01-02T09:31:28,MSFT,402.5549,398
2026-01-02T09:31:28,NVDA,201.3175,569
2026-01-02T09:31:28,TSLA,276.6139,389
2026-01-02T09:31:28,AMD,159.7654,219
2026-01-02T09:31:28,AMZN,276.6429,297
2026-01-02T09:31:28,META,594.4248,783
2026-01-02T09:31:28,GOOGL,364.7404,565
2026-01-02T09:31:28,SPY,772.2917,406
2026-01-02T09:31:28,QQQ,677.5611,858
2026-01-02T09:31:29,AAPL,280.8555,97
2026-01-02T09:31:29,MSFT,402.5720,243
2026-01-02T09:31:29,NVDA,200.9171,211
2026-01-02T09:31:29,TSLA,277.1544,276
2026-01-02T09:31:29,AMD,159.7222,878
2026-01-02T09:31:29,AMZN,276.9968,206
2026-01-02T09:31:29,META,593.5443,841
2026-01-02T09:31:29,GOOGL,364.1613,100
2026-01-02T09:31:29,SPY,771.9503,830
2026-01-02T09:31:29,QQQ,676.4082,340
2026-01-02T09:31:30,AAPL,281.1619,438
2026-01-02T09:31:30,MSFT,402.0861,874
2026-01-02T09:31:30,NVDA,200.9166,282
2026-01-02T09:31:30,TSLA,276.8527,509
2026-01-02T09:31:30,AMD,159.6681,317
2026-01-02T09:31:30,AMZN,276.9838,127
2026-01-02T09:31:30,META,594.0615,576
2026-01-02T09:31:30,GOOGL,364.5042,554
2026-01-02T09:31:30,SPY,772.6897,897
2026-01-02T09:31:30,QQQ,676.1172,578
2026-01-02T09:31:31,AAPL,280.6216,237
2026-01-02T09:31:31,MSFT,402.0501,340
2026-01-02T09:31:31,NVDA,201.1968,673
2026-01-02T09:31:31,TSLA,276.9145,364
2026-01-02T09:31:31,AMD,159.4669,232
2026-01-02T09:31:31,AMZN,277.1788,303
2026-01-02T09:31:31,META,594.1522,115
2026-01-02T09:31:31,GOOGL,365.0886,730
2026-01-02T09:31:31,SPY,771.1048,557
2026-01-02T09:31:31,QQQ,676.2766,459
2026-01-02T09:31:32,AAPL,280.8261,385
2026-01-02T09:31:32,MSFT,401.8979,486
2026-01-02T09:31:32,NVDA,201.1730,191
2026-01-02T09:31:32,TSLA,276.8043,155
2026-01-02T09:31:32,AMD,159.5210,555
2026-01-02T09:31:32,AMZN,276.4778,155
2026-01-02T09:31:32,META,594.6739,764
2026-01-02T09:31:32,GOOGL,364.4660,444
2026-01-02T09:31:32,SPY,773.1621,844
2026-01-02T09:31:32,QQQ,677.8017,687
2026-01-02T09:31:33,AAPL,280.6236,274
2026-01-02T09:31:33,MSFT,402.3481,598
2026-01-02T09:31:33,NVDA,200.9166,804
2026-01-02T09:31:33,TSLA,276.8418,797
2026-01-02T09:31:33,AMD,159.3167,452
2026-01-02T09:31:33,AMZN,276.6680,885
2026-01-02T09:31:33,META,594.4292,430
2026-01-02T09:31:33,GOOGL,364.5994,599
2026-01-02T09:31:33,SPY,771.5168,780
2026-01-02T09:31:33,QQQ,676.2559,290
2026-01-02T09:31:34,AAPL,281.0099,493
2026-01-02T09:31:34,MSFT,401.8564,745
2026-01-02T09:31:34,NVDA,201.0392,330
2026-01-02T09:31:34,TSLA,276.9684,711
2026-01-02T09:31:34,AMD,159.6723,619
2026-01-02T09:31:34,AMZN,277.0936,727
2026-01-02T09:31:34,META,595.0280,177
2026-01-02T09:31:34,GOOGL,364.0729,621
2026-01-02T09:31:34,SPY,771.0568,92
2026-01-02T09:31:34,QQQ,676.1894,725
2026-01-02T09:31:35,AAPL,281.0003,123
2026-01-02T09:31:35,MSFT,402.3635,390
2026-01-02T09:31:35,NVDA,200.8841,433
2026-01-02T09:31:35,TSLA,276.6934,421
2026-01-02T09:31:35,AMD,159.3085,308
2026-01-02T09:31:35,AMZN,277.0983,784
2026-01-02T09:31:35,META,594.2661,174
2026-01-02T09:31:35,GOOGL,364.7031,850
2026-01-02T09:31:35,SPY,772.2263,473
2026-01-02T09:31:35,QQQ,677.6213,584
2026-01-02T09:31:36,AAPL,280.7898,485
2026-01-02T09:31:36,MSFT,402.0514,835
2026-01-02T09:31:36,NVDA,201.3523,394
2026-01-02T09:31:36,TSLA,276.9628,328
2026-01-02T09:31:36,AMD,159.4625,665
2026-01-02T09:31:36,AMZN,276.5618,765
2026-01-02T09:31:36,META,594.7351,243
2026-01-02T09:31:36,GOOGL,364.1962,756
2026-01-02T09:31:36,SPY,772.6634,626
2026-01-02T09:31:36,QQQ,676.3260,238
2026-01-02T09:31:37,AAPL,280.9881,240
2026-01-02T09:31:37,MSFT,402.7131,346
2026-01-02T09:31:37,NVDA,201.3309,308
2026-01-02T09:31:37,TSLA,277.2132,284
2026-01-02T09:31:37,AMD,159.5303,737
2026-01-02T09:31:37,AMZN,277.3068,374
2026-01-02T09:31:37,META,594.6195,850
2026-01-02T09:31:37,GOOGL,364.0127,296
2026-01-02T09:31:37,SPY,773.0019,899
2026-01-02T09:31:37,QQQ,675.9057,512
2026-01-02T09:31:38,AAPL,280.5110,163
2026-01-02T09:31:38,MSFT,401.8075,353
2026-01-02T09:31:38,NVDA,201.1767,781
2026-01-02T09:31:38,TSLA,277.1864,730
2026-01-02T09:31:38,AMD,159.6335,681
2026-01-02T09:31:38,AMZN,276.7400,588
2026-01-02T09:31:38,META,594.3625,492
2026-01-02T09:31:38,GOOGL,364.5716,545
2026-01-02T09:31:38,SPY,772.0336,214
2026-01-02T09:31:38,QQQ,676.6993,670
2026-01-02T09:31:39,AAPL,280.6324,212
2026-01-02T09:31:39,MSFT,402.0102,168
2026-01-02T09:31:39,NVDA,201.1861,259
2026-01-02T09:31:39,TSLA,277.3116,589
2026-01-02T09:31:39,AMD,159.5383,470
2026-01-02T09:31:39,AMZN,277.1770,394
2026-01-02T09:31:39,META,594.4292,846
2026-01-02T09:31:39,GOOGL,364.1399,764
2026-01-02T09:31:39,SPY,771.6405,580
2026-01-02T09:31:39,QQQ,676.4407,658
2026-01-02T09:31:40,AAPL,281.2584,108
2026-01-02T09:31:40,MSFT,402.7642,742
2026-01-02T09:31:40,NVDA,201.1945,773
2026-01-02T09:31:40,TSLA,276.9565,332
2026-01-02T09:31:40,AMD,159.3929,440
2026-01-02T09:31:40,AMZN,277.0754,644
2026-01-02T09:31:40,META,595.1572,835
2026-01-02T09:31:40,GOOGL,364.1512,341
2026-01-02T09:31:40,SPY,771.7655,131
2026-01-02T09:31:40,QQQ,675.7624,131
2026-01-02T09:31:41,AAPL,281.0858,305
2026-01-02T09:31:41,MSFT,402.0319,673
2026-01-02T09:31:41,NVDA,201.0531,608
2026-01-02T09:31:41,TSLA,277.4167,607
2026-01-02T09:31:41,AMD,159.2592,112
2026-01-02T09:31:41,AMZN,276.7906,576
2026-01-02T09:31:41,META,594.5800,376
2026-01-02T09:31:41,GOOGL,363.9942,679
2026-01-02T09:31:41,SPY,772.2170,849
2026-01-02T09:31:41,QQQ,675.9207,453
2026-01-02T09:31:42,AAPL,281.2079,489
2026-01-02T09:31:42,MSFT,402.8114,196
2026-01-02T09:31:42,NVDA,201.3068,422
2026-01-02T09:31:42,TSLA,277.1781,437
2026-01-02T09:31:42,AMD,159.3273,238
2026-01-02T09:31:42,AMZN,277.2945,271
2026-01-02T09:31:42,META,595.0501,400
2026-01-02T09:31:42,GOOGL,364.6647,379
2026-01-02T09:31:42,SPY,772.7626,383
2026-01-02T09:31:42,QQQ,675.9255,303
2026-01-02T09:31:43,AAPL,280.9429,858
2026-01-02T09:31:43,MSFT,402.0735,270
2026-01-02T09:31:43,NVDA,201.1701,525
2026-01-02T09:31:43,TSLA,276.7744,384
2026-01-02T09:31:43,AMD,159.3843,353
2026-01-02T09:31:43,AMZN,276.7757,592
2026-01-02T09:31:43,META,594.9251,466
2026-01-02T09:31:43,GOOGL,364.0070,180
2026-01-02T09:31:43,SPY,770.6302,369
2026-01-02T09:31:43,QQQ,675.7309,525
2026-01-02T09:31:44,AAPL,280.6937,432
2026-01-02T09:31:44,MSFT,402.5254,532
2026-01-02T09:31:44,NVDA,201.0291,879
2026-01-02T09:31:44,TSLA,277.1619,414
2026-01-02T09:31:44,AMD,159.6200,823
2026-01-02T09:31:44,AMZN,276.8371,197
2026-01-02T09:31:44,META,594.5042,595
2026-01-02T09:31:44,GOOGL,364.4776,352
2026-01-02T09:31:44,SPY,772.2274,448
2026-01-02T09:31:44,QQQ,677.1214,120
2026-01-02T09:31:45,AAPL,281.2866,686
2026-01-02T09:31:45,MSFT,401.9118,884
2026-01-02T09:31:45,NVDA,201.4652,175
2026-01-02T09:31:45,TSLA,276.8261,149
2026-01-02T09:31:45,AMD,159.5765,501
2026-01-02T09:31:45,AMZN,276.5876,115
2026-01-02T09:31:45,META,594.9504,330
2026-01-02T09:31:45,GOOGL,364.0699,803
2026-01-02T09:31:45,SPY,771.6166,224
2026-01-02T09:31:45,QQQ,677.3488,575
2026-01-02T09:31:46,AAPL,281.1143,537
2026-01-02T09:31:46,MSFT,402.7345,757
2026-01-02T09:31:46,NVDA,201.4307,619
2026-01-02T09:31:46,TSLA,277.0542,557
2026-01-02T09:31:46,AMD,159.2555,867
2026-01-02T09:31:46,AMZN,277.4016,296
2026-01-02T09:31:46,META,595.2953,859
2026-01-02T09:31:46,GOOGL,364.5316,638
2026-01-02T09:31:46,SPY,771.9251,277
2026-01-02T09:31:46,QQQ,676.7579,254
2026-01-02T09:31:47,AAPL,280.7301,307
2026-01-02T09:31:47,MSFT,402.8079,476
2026-01-02T09:31:47,NVDA,201.0251,136
2026-01-02T09:31:47,TSLA,276.7301,223
2026-01-02T09:31:47,AMD,159.4093,254
2026-01-02T09:31:47,AMZN,276.7558,566
2026-01-02T09:31:47,META,594.2204,789
2026-01-02T09:31:47,GOOGL,363.9274,855
2026-01-02T09:31:47,SPY,771.8826,457
2026-01-02T09:31:47,QQQ,676.1273,381
2026-01-02T09:31:48,AAPL,281.0166,762
2026-01-02T09:31:48,MSFT,402.6477,123
2026-01-02T09:31:48,NVDA,201.4965,283
2026-01-02T09:31:48,TSLA,276.7994,486
2026-01-02T09:31:48,AMD,159.4507,467
2026-01-02T09:31:48,AMZN,277.2133,450
2026-01-02T09:31:48,META,593.7780,284
2026-01-02T09:31:48,GOOGL,364.4749,574
2026-01-02T09:31:48,SPY,771.9216,166
2026-01-02T09:31:48,QQQ,676.0685,372
2026-01-02T09:31:49,AAPL,281.0975,489
2026-01-02T09:31:49,MSFT,402.7349,301
2026-01-02T09:31:49,NVDA,201.3511,634
2026-01-02T09:31:49,TSLA,277.0841,835
2026-01-02T09:31:49,AMD,159.3099,469
2026-01-02T09:31:49,AMZN,276.8392,610
2026-01-02T09:31:49,META,594.3206,473
2026-01-02T09:31:49,GOOGL,364.1184,867
2026-01-02T09:31:49,SPY,772.1073,711
2026-01-02T09:31:49,QQQ,676.9647,212
2026-01-02T09:31:50,AAPL,281.3953,443
2026-01-02T09:31:50,MSFT,401.9730,111
2026-01-02T09:31:50,NVDA,201.0668,181
2026-01-02T09:31:50,TSLA,277.3365,740
2026-01-02T09:31:50,AMD,159.4792,847
2026-01-02T09:31:50,AMZN,276.8694,722
2026-01-02T09:31:50,META,593.9380,110
2026-01-02T09:31:50,GOOGL,364.6458,625
2026-01-02T09:31:50,SPY,770.6054,404
2026-01-02T09:31:50,QQQ,676.5936,509
2026-01-02T09:31:51,AAPL,280.6724,692
2026-01-02T09:31:51,MSFT,402.3705,864
2026-01-02T09:31:51,NVDA,201.0448,267
2026-01-02T09:31:51,TSLA,277.2960,865
2026-01-02T09:31:51,AMD,159.4634,850
2026-01-02T09:31:51,AMZN,277.4618,177
2026-01-02T09:31:51,META,595.3966,483
2026-01-02T09:31:51,GOOGL,364.5459,126
2026-01-02T09:31:51,SPY,770.4796,503
2026-01-02T09:31:51,QQQ,675.9832,825
2026-01-02T09:31:52,AAPL,280.6891,430
2026-01-02T09:31:52,MSFT,402.4679,762
2026-01-02T09:31:52,NVDA,201.1984,326
2026-01-02T09:31:52,TSLA,277.1682,174
2026-01-02T09:31:52,AMD,159.4231,478
2026-01-02T09:31:52,AMZN,277.4290,300
2026-01-02T09:31:52,META,595.1183,553
2026-01-02T09:31:52,GOOGL,364.0809,455
2026-01-02T09:31:52,SPY,770.4594,864
2026-01-02T09:31:52,QQQ,676.7652,356
2026-01-02T09:31:53,AAPL,281.1713,524
2026-01-02T09:31:53,MSFT,401.9424,668
2026-01-02T09:31:53,NVDA,201.4737,730
2026-01-02T09:31:53,TSLA,276.9870,206
2026-01-02T09:31:53,AMD,159.3832,502
2026-01-02T09:31:53,AMZN,277.2509,823
2026-01-02T09:31:53,META,594.3103,665
2026-01-02T09:31:53,GOOGL,364.6192,479
2026-01-02T09:31:53,SPY,771.3003,355
2026-01-02T09:31:53,QQQ,675.4296,793
2026-01-02T09:31:54,AAPL,281.1376,208
2026-01-02T09:31:54,MSFT,403.0618,334
2026-01-02T09:31:54,NVDA,201.3915,262
2026-01-02T09:31:54,TSLA,277.2053,423
2026-01-02T09:31:54,AMD,159.4142,347
2026-01-02T09:31:54,AMZN,276.9520,218
2026-01-02T09:31:54,META,594.5804,677
2026-01-02T09:31:54,GOOGL,364.6691,80
2026-01-02T09:31:54,SPY,772.2661,296
2026-01-02T09:31:54,QQQ,676.2361,147
2026-01-02T09:31:55,AAPL,281.2849,86
2026-01-02T09:31:55,MSFT,402.5406,677
2026-01-02T09:31:55,NVDA,201.4187,131
2026-01-02T09:31:55,TSLA,277.1958,862
2026-01-02T09:31:55,AMD,159.1490,483
2026-01-02T09:31:55,AMZN,277.0978,367
2026-01-02T09:31:55,META,595.2717,360
2026-01-02T09:31:55,GOOGL,364.6903,805
2026-01-02T09:31:55,SPY,772.5806,403
2026-01-02T09:31:55,QQQ,676.7067,137
2026-01-02T09:31:56,AAPL,280.8117,551
2026-01-02T09:31:56,MSFT,402.9822,578
2026-01-02T09:31:56,NVDA,201.4543,273
2026-01-02T09:31:56,TSLA,277.1385,867
2026-01-02T09:31:56,AMD,159.4685,414
2026-01-02T09:31:56,AMZN,277.5053,417
2026-01-02T09:31:56,META,594.5395,134
2026-01-02T09:31:56,GOOGL,363.7978,794
2026-01-02T09:31:56,SPY,770.4508,345
2026-01-02T09:31:56,QQQ,677.0951,336
2026-01-02T09:31:57,AAPL,280.9556,650
2026-01-02T09:31:57,MSFT,401.9761,808
2026-01-02T09:31:57,NVDA,201.3450,834
2026-01-02T09:31:57,TSLA,277.4740,463
2026-01-02T09:31:57,AMD,159.3446,276
2026-01-02T09:31:57,AMZN,277.1184,215
2026-01-02T09:31:57,META,594.1107,874
2026-01-02T09:31:57,GOOGL,364.3536,872
2026-01-02T09:31:57,SPY,770.4891,133
2026-01-02T09:31:57,QQQ,675.8888,542
2026-01-02T09:31:58,AAPL,281.4567,579
2026-01-02T09:31:58,MSFT,402.7597,129
2026-01-02T09:31:58,NVDA,201.5511,598
2026-01-02T09:31:58,TSLA,276.9615,880
2026-01-02T09:31:58,AMD,159.5199,374
2026-01-02T09:31:58,AMZN,277.4231,572
2026-01-02T09:31:58,META,594.3037,84
2026-01-02T09:31:58,GOOGL,364.5829,842
2026-01-02T09:31:58,SPY,770.6461,210
2026-01-02T09:31:58,QQQ,676.5215,854
2026-01-02T09:31:59,AAPL,281.3906,836
2026-01-02T09:31:59,MSFT,402.1476,749
2026-01-02T09:31:59,NVDA,201.4530,701
2026-01-02T09:31:59,TSLA,277.2788,109
2026-01-02T09:31:59,AMD,159.3155,716
2026-01-02T09:31:59,AMZN,277.2420,825
2026-01-02T09:31:59,META,594.7261,257
2026-01-02T09:31:59,GOOGL,364.1251,336
2026-01-02T09:31:59,SPY,771.2301,227
2026-01-02T09:31:59,QQQ,675.7551,481
2026-01-02T09:31:00,AAPL,280.9034,701
2026-01-02T09:31:00,MSFT,402.7147,119
2026-01-02T09:31:00,NVDA,201.1694,884
2026-01-02T09:31:00,TSLA,277.0933,379
2026-01-02T09:31:00,AMD,159.5893,221
2026-01-02T09:31:00,AMZN,277.0536,751
2026-01-02T09:31:00,META,594.6500,687
2026-01-02T09:31:00,GOOGL,364.1063,387
2026-01-02T09:31:00,SPY,771.5671,82
2026-01-02T09:31:00,QQQ,675.6022,497
2026-01-02T09:31:01,AAPL,280.9139,458
2026-01-02T09:31:01,MSFT,402.7369,134
2026-01-02T09:31:01,NVDA,201.0791,617
2026-01-02T09:31:01,TSLA,276.9291,655
2026-01-02T09:31:01,AMD,159.4587,662
2026-01-02T09:31:01,AMZN,276.8637,147
2026-01-02T09:31:01,META,595.2544,849
2026-01-02T09:31:01,GOOGL,364.4425,489
2026-01-02T09:31:01,SPY,772.1377,135
2026-01-02T09:31:01,QQQ,675.7620,673
2026-01-02T09:31:02,AAPL,280.8231,494
2026-01-02T09:31:02,MSFT,402.9184,355
2026-01-02T09:31:02,NVDA,201.0780,111
2026-01-02T09:31:02,TSLA,277.3074,864
2026-01-02T09:31:02,AMD,159.2739,113
2026-01-02T09:31:02,AMZN,276.8291,546
2026-01-02T09:31:02,META,594.0767,89
2026-01-02T09:31:02,GOOGL,363.6752,720
2026-01-02T09:31:02,SPY,770.4433,468
2026-01-02T09:31:02,QQQ,675.6852,117
2026-01-02T09:31:03,AAPL,281.3286,520
2026-01-02T09:31:03,MSFT,402.2634,469
2026-01-02T09:31:03,NVDA,201.5223,424
2026-01-02T09:31:03,TSLA,277.0129,768
2026-01-02T09:31:03,AMD,159.4571,207
2026-01-02T09:31:03,AMZN,277.3601,379
2026-01-02T09:31:03,META,594.3203,727
2026-01-02T09:31:03,GOOGL,364.5460,236
2026-01-02T09:31:03,SPY,771.5556,727
2026-01-02T09:31:03,QQQ,676.6958,258
2026-01-02T09:31:04,AAPL,281.0616,404
2026-01-02T09:31:04,MSFT,402.0579,88
2026-01-02T09:31:04,NVDA,201.2449,418
2026-01-02T09:31:04,TSLA,277.2339,593
2026-01-02T09:31:04,AMD,159.1336,232
2026-01-02T09:31:04,AMZN,277.3812,869
2026-01-02T09:31:04,META,595.7289,692
2026-01-02T09:31:04,GOOGL,364.4428,887
2026-01-02T09:31:04,SPY,770.7699,645
2026-01-02T09:31:04,QQQ,675.7751,670
2026-01-02T09:31:05,AAPL,280.8606,84
2026-01-02T09:31:05,MSFT,402.2717,887
2026-01-02T09:31:05,NVDA,201.6392,493
2026-01-02T09:31:05,TSLA,277.1130,183
2026-01-02T09:31:05,AMD,159.1032,644
2026-01-02T09:31:05,AMZN,277.1946,116
2026-01-02T09:31:05,META,594.8168,460
2026-01-02T09:31:05,GOOGL,363.7969,371
2026-01-02T09:31:05,SPY,771.4271,395
2026-01-02T09:31:05,QQQ,675.8164,367
2026-01-02T09:31:06,AAPL,280.8474,808
2026-01-02T09:31:06,MSFT,402.2334,670
2026-01-02T09:31:06,NVDA,201.5755,889
2026-01-02T09:31:06,TSLA,277.0420,654
2026-01-02T09:31:06,AMD,159.5395,891
2026-01-02T09:31:06,AMZN,276.9513,878
2026-01-02T09:31:06,META,594.5883,402
2026-01-02T09:31:06,GOOGL,363.7816,479
2026-01-02T09:31:06,SPY,770.5963,900
2026-01-02T09:31:06,QQQ,675.2347,393
2026-01-02T09:31:07,AAPL,280.9650,472
2026-01-02T09:31:07,MSFT,402.9504,779
2026-01-02T09:31:07,NVDA,201.6276,158
2026-01-02T09:31:07,TSLA,277.3261,744
2026-01-02T09:31:07,AMD,159.2949,556
2026-01-02T09:31:07,AMZN,276.9154,440
2026-01-02T09:31:07,META,595.5038,555
2026-01-02T09:31:07,GOOGL,364.0657,277
2026-01-02T09:31:07,SPY,771.2406,607
2026-01-02T09:31:07,QQQ,675.8801,182
2026-01-02T09:31:08,AAPL,281.0554,835
2026-01-02T09:31:08,MSFT,402.4245,284
2026-01-02T09:31:08,NVDA,201.5244,553
2026-01-02T09:31:08,TSLA,277.0861,85
2026-01-02T09:31:08,AMD,159.1973,676
2026-01-02T09:31:08,AMZN,276.9752,735
2026-01-02T09:31:08,META,595.7478,357
2026-01-02T09:31:08,GOOGL,363.5756,649
2026-01-02T09:31:08,SPY,771.8543,493
2026-01-02T09:31:08,QQQ,675.2386,529
2026-01-02T09:31:09,AAPL,280.8061,369
2026-01-02T09:31:09,MSFT,402.8539,649
2026-01-02T09:31:09,NVDA,201.4022,537
2026-01-02T09:31:09,TSLA,276.9898,356
2026-01-02T09:31:09,AMD,159.4738,342
2026-01-02T09:31:09,AMZN,276.8696,480
2026-01-02T09:31:09,META,595.6573,226
2026-01-02T09:31:09,GOOGL,364.2758,499
2026-01-02T09:31:09,SPY,771.6237,385
2026-01-02T09:31:09,QQQ,675.7067,288
2026-01-02T09:31:10,AAPL,281.1508,503
2026-01-02T09:31:10,MSFT,402.8015,227
2026-01-02T09:31:10,NVDA,201.6848,205
2026-01-02T09:31:10,TSLA,277.4090,706
2026-01-02T09:31:10,AMD,159.1971,738
2026-01-02T09:31:10,AMZN,277.3912,251
2026-01-02T09:31:10,META,594.3413,663
2026-01-02T09:31:10,GOOGL,363.7019,266
2026-01-02T09:31:10,SPY,770.6576,81
2026-01-02T09:31:10,QQQ,675.5169,353
2026-01-02T09:31:11,AAPL,281.2628,623
2026-01-02T09:31:11,MSFT,403.2834,688
2026-01-02T09:31:11,NVDA,201.3480,852
2026-01-02T09:31:11,TSLA,277.2790,710
2026-01-02T09:31:11,AMD,159.4915,382
2026-01-02T09:31:11,AMZN,277.4342,760
2026-01-02T09:31:11,META,594.6041,778
2026-01-02T09:31:11,GOOGL,363.7438,871
2026-01-02T09:31:11,SPY,771.4700,326
2026-01-02T09:31:11,QQQ,676.4433,381
2026-01-02T09:31:12,AAPL,280.9838,835
2026-01-02T09:31:12,MSFT,402.3471,486
2026-01-02T09:31:12,NVDA,201.5207,853
2026-01-02T09:31:12,TSLA,277.7201,670
2026-01-02T09:31:12,AMD,159.2648,795
2026-01-02T09:31:12,AMZN,277.6045,694
2026-01-02T09:31:12,META,594.2490,335
2026-01-02T09:31:12,GOOGL,364.0829,238
2026-01-02T09:31:12,SPY,771.8935,156
2026-01-02T09:31:12,QQQ,675.8010,304
2026-01-02T09:31:13,AAPL,281.0775,683
2026-01-02T09:31:13,MSFT,402.1901,657
2026-01-02T09:31:13,NVDA,201.7084,854
2026-01-02T09:31:13,TSLA,277.0090,421
2026-01-02T09:31:13,AMD,159.0950,505
2026-01-02T09:31:13,AMZN,277.3054,298
2026-01-02T09:31:13,META,594.7862,646
2026-01-02T09:31:13,GOOGL,363.9056,704
2026-01-02T09:31:13,SPY,772.1170,214
2026-01-02T09:31:13,QQQ,676.2083,170
2026-01-02T09:31:14,AAPL,281.1005,173
2026-01-02T09:31:14,MSFT,402.2519,246
2026-01-02T09:31:14,NVDA,201.5328,508
2026-01-02T09:31:14,TSLA,277.2296,873
2026-01-02T09:31:14,AMD,159.1236,404
2026-01-02T09:31:14,AMZN,277.4544,608
2026-01-02T09:31:14,META,595.1310,474
2026-01-02T09:31:14,GOOGL,363.8001,761
2026-01-02T09:31:14,SPY,770.1825,553
2026-01-02T09:31:14,QQQ,676.1756,204
2026-01-02T09:31:15,AAPL,281.1516,684
2026-01-02T09:31:15,MSFT,402.9843,420
2026-01-02T09:31:15,NVDA,201.6752,294
2026-01-02T09:31:15,TSLA,277.4092,691
2026-01-02T09:31:15,AMD,159.3277,400
2026-01-02T09:31:15,AMZN,277.2161,352
2026-01-02T09:31:15,META,594.4238,690
2026-01-02T09:31:15,GOOGL,364.1313,384
2026-01-02T09:31:15,SPY,771.5560,365
2026-01-02T09:31:15,QQQ,676.3619,100
2026-01-02T09:31:16,AAPL,281.4377,315
2026-01-02T09:31:16,MSFT,402.2318,794
2026-01-02T09:31:16,NVDA,201.6366,121
2026-01-02T09:31:16,TSLA,277.3138,529
2026-01-02T09:31:16,AMD,159.4361,585
2026-01-02T09:31:16,AMZN,277.3371,242
2026-01-02T09:31:16,META,594.6499,233
2026-01-02T09:31:16,GOOGL,364.0327,182
2026-01-02T09:31:16,SPY,771.7371,521
2026-01-02T09:31:16,QQQ,675.4352,274
2026-01-02T09:31:17,AAPL,281.6609,388
2026-01-02T09:31:17,MSFT,403.2269,319
2026-01-02T09:31:17,NVDA,201.2557,669
2026-01-02T09:31:17,TSLA,277.4940,796
2026-01-02T09:31:17,AMD,159.1659,686
2026-01-02T09:31:17,AMZN,277.3924,310
2026-01-02T09:31:17,META,595.4203,542
2026-01-02T09:31:17,GOOGL,364.1013,418
2026-01-02T09:31:17,SPY,771.6635,165
2026-01-02T09:31:17,QQQ,675.0313,164
2026-01-02T09:31:18,AAPL,281.4382,198
2026-01-02T09:31:18,MSFT,402.4627,351
2026-01-02T09:31:18,NVDA,201.7526,285
2026-01-02T09:31:18,TSLA,277.5837,279
2026-01-02T09:31:18,AMD,159.3314,432
2026-01-02T09:31:18,AMZN,277.3696,776
2026-01-02T09:31:18,META,594.3524,106
2026-01-02T09:31:18,GOOGL,364.3113,517
2026-01-02T09:31:18,SPY,771.2109,260
2026-01-02T09:31:18,QQQ,676.0125,453
2026-01-02T09:31:19,AAPL,281.5733,823
2026-01-02T09:31:19,MSFT,402.4739,125
2026-01-02T09:31:19,NVDA,201.2312,131
2026-01-02T09:31:19,TSLA,277.5325,523
2026-01-02T09:31:19,AMD,159.3104,174
2026-01-02T09:31:19,AMZN,277.6875,426
2026-01-02T09:31:19,META,595.6902,868
2026-01-02T09:31:19,GOOGL,364.1063,717
2026-01-02T09:31:19,SPY,771.6749,794
2026-01-02T09:31:19,QQQ,675.8280,873
2026-01-02T09:32:20,AAPL,281.0142,850
2026-01-02T09:32:20,MSFT,402.8579,678
2026-01-02T09:32:20,NVDA,201.7058,405
2026-01-02T09:32:20,TSLA,277.0351,137
2026-01-02T09:32:20,AMD,159.3129,302
2026-01-02T09:32:20,AMZN,277.2901,135
2026-01-02T09:32:20,META,595.4078,95
2026-01-02T09:32:20,GOOGL,364.3064,853
2026-01-02T09:32:20,SPY,771.6560,500
2026-01-02T09:32:20,QQQ,676.4287,403
2026-01-02T09:32:21,AAPL,281.0607,439
2026-01-02T09:32:21,MSFT,403.3147,525
2026-01-02T09:32:21,NVDA,201.3974,560
2026-01-02T09:32:21,TSLA,277.5372,287
2026-01-02T09:32:21,AMD,159.2415,514
2026-01-02T09:32:21,AMZN,277.5052,466
2026-01-02T09:32:21,META,594.4004,587
2026-01-02T09:32:21,GOOGL,364.2405,574
2026-01-02T09:32:21,SPY,770.5091,870
2026-01-02T09:32:21,QQQ,675.7219,181
2026-01-02T09:32:22,AAPL,281.2360,132
2026-01-02T09:32:22,MSFT,402.8334,729
2026-01-02T09:32:22,NVDA,201.3381,332
2026-01-02T09:32:22,TSLA,277.1270,137
2026-01-02T09:32:22,AMD,159.2066,605
2026-01-02T09:32:22,AMZN,277.6875,858
2026-01-02T09:32:22,META,595.6572,129
2026-01-02T09:32:22,GOOGL,363.5928,525
2026-01-02T09:32:22,SPY,770.0150,841
2026-01-02T09:32:22,QQQ,675.4729,102
2026-01-02T09:32:23,AAPL,281.2829,95
2026-01-02T09:32:23,MSFT,402.3447,430
2026-01-02T09:32:23,NVDA,201.5550,786
2026-01-02T09:32:23,TSLA,277.0863,701
2026-01-02T09:32:23,AMD,159.2442,685
2026-01-02T09:32:23,AMZN,277.4735,724
2026-01-02T09:32:23,META,595.3827,895
2026-01-02T09:32:23,GOOGL,364.1944,453
2026-01-02T09:32:23,SPY,769.6650,86
2026-01-02T09:32:23,QQQ,674.8271,746
2026-01-02T09:32:24,AAPL,281.5167,487
2026-01-02T09:32:24,MSFT,402.5511,292
2026-01-02T09:32:24,NVDA,201.3546,717
2026-01-02T09:32:24,TSLA,277.8066,461
2026-01-02T09:32:24,AMD,159.1854,160
2026-01-02T09:32:24,AMZN,277.2399,83
2026-01-02T09:32:24,META,594.7253,127
2026-01-02T09:32:24,GOOGL,363.6624,784
2026-01-02T09:32:24,SPY,771.1979,365
2026-01-02T09:32:24,QQQ,675.0278,196
2026-01-02T09:32:25,AAPL,280.9295,742
2026-01-02T09:32:25,MSFT,403.2923,174
2026-01-02T09:32:25,NVDA,201.7327,709
2026-01-02T09:32:25,TSLA,277.5630,652
2026-01-02T09:32:25,AMD,159.1008,456
2026-01-02T09:32:25,AMZN,277.1645,299
2026-01-02T09:32:25,META,595.9687,410
2026-01-02T09:32:25,GOOGL,363.3197,237
2026-01-02T09:32:25,SPY,769.8563,840
2026-01-02T09:32:25,QQQ,676.5104,620
2026-01-02T09:32:26,AAPL,281.6038,713
2026-01-02T09:32:26,MSFT,403.0533,434
2026-01-02T09:32:26,NVDA,201.2520,283
2026-01-02T09:32:26,TSLA,277.2636,485
2026-01-02T09:32:26,AMD,159.3056,518
2026-01-02T09:32:26,AMZN,277.2598,628
2026-01-02T09:32:26,META,594.8997,288
2026-01-02T09:32:26,GOOGL,364.1312,716
2026-01-02T09:32:26,SPY,770.6005,184
2026-01-02T09:32:26,QQQ,674.9494,818
2026-01-02T09:32:27,AAPL,281.3999,684
2026-01-02T09:32:27,MSFT,403.2723,321
2026-01-02T09:32:27,NVDA,201.7954,388
2026-01-02T09:32:27,TSLA,277.3659,888
2026-01-02T09:32:27,AMD,159.1856,318
2026-01-02T09:32:27,AMZN,277.2921,230
2026-01-02T09:32:27,META,595.6178,535
2026-01-02T09:32:27,GOOGL,363.8255,278
2026-01-02T09:32:27,SPY,769.9138,428
2026-01-02T09:32:27,QQQ,675.4089,343
2026-01-02T09:32:28,AAPL,281.5605,277
2026-01-02T09:32:28,MSFT,403.4022,645
2026-01-02T09:32:28,NVDA,201.4120,500
2026-01-02T09:32:28,TSLA,277.2413,588
2026-01-02T09:32:28,AMD,159.2139,805
2026-01-02T09:32:28,AMZN,277.2622,326
2026-01-02T09:32:28,META,594.7288,352
2026-01-02T09:32:28,GOOGL,364.2551,835
2026-01-02T09:32:28,SPY,769.4104,199
2026-01-02T09:32:28,QQQ,676.2105,575
2026-01-02T09:32:29,AAPL,281.5141,699
2026-01-02T09:32:29,MSFT,402.8580,712
2026-01-02T09:32:29,NVDA,201.3342,877
2026-01-02T09:32:29,TSLA,277.8173,561
2026-01-02T09:32:29,AMD,159.1877,219
2026-01-02T09:32:29,AMZN,277.2254,545
2026-01-02T09:32:29,META,595.6711,276
2026-01-02T09:32:29,GOOGL,364.1953,280
2026-01-02T09:32:29,SPY,771.0483,511
2026-01-02T09:32:29,QQQ,674.6116,441
2026-01-02T09:32:30,AAPL,281.6406,601
2026-01-02T09:32:30,MSFT,403.1834,813
2026-01-02T09:32:30,NVDA,201.5152,202
2026-01-02T09:32:30,TSLA,277.7537,214
2026-01-02T09:32:30,AMD,159.3755,548
2026-01-02T09:32:30,AMZN,277.0442,865
2026-01-02T09:32:30,META,596.1357,140
2026-01-02T09:32:30,GOOGL,364.2778,841
2026-01-02T09:32:30,SPY,771.2212,400
2026-01-02T09:32:30,QQQ,675.6431,792
2026-01-02T09:32:31,AAPL,281.3772,442
2026-01-02T09:32:31,MSFT,403.4485,372
2026-01-02T09:32:31,NVDA,201.3223,138
2026-01-02T09:32:31,TSLA,277.1808,82
2026-01-02T09:32:31,AMD,159.2625,751
2026-01-02T09:32:31,AMZN,277.4886,771
2026-01-02T09:32:31,META,595.2978,618
2026-01-02T09:32:31,GOOGL,363.5603,343
2026-01-02T09:32:31,SPY,771.4024,397
2026-01-02T09:32:31,QQQ,675.3136,94
2026-01-02T09:32:32,AAPL,281.7944,235
2026-01-02T09:32:32,MSFT,403.3811,762
2026-01-02T09:32:32,NVDA,201.6732,736
2026-01-02T09:32:32,TSLA,277.3001,139
2026-01-02T09:32:32,AMD,159.3227,356
2026-01-02T09:32:32,AMZN,277.8321,804
2026-01-02T09:32:32,META,595.4569,272
2026-01-02T09:32:32,GOOGL,363.7296,208
2026-01-02T09:32:32,SPY,771.5330,463
2026-01-02T09:32:32,QQQ,674.6421,207
2026-01-02T09:32:33,AAPL,281.2768,854
2026-01-02T09:32:33,MSFT,403.3435,671
2026-01-02T09:32:33,NVDA,201.7977,328
2026-01-02T09:32:33,TSLA,277.2000,446
2026-01-02T09:32:33,AMD,159.3475,246
2026-01-02T09:32:33,AMZN,277.2296,702
2026-01-02T09:32:33,META,595.8870,174
2026-01-02T09:32:33,GOOGL,364.2529,235
2026-01-02T09:32:33,SPY,769.3524,642
2026-01-02T09:32:33,QQQ,674.7742,196
2026-01-02T09:32:34,AAPL,281.0256,619
2026-01-02T09:32:34,MSFT,402.7608,484
2026-01-02T09:32:34,NVDA,201.4445,160
2026-01-02T09:32:34,TSLA,277.3516,112
2026-01-02T09:32:34,AMD,159.0442,567
2026-01-02T09:32:34,AMZN,277.7327,546
2026-01-02T09:32:34,META,595.3100,122
2026-01-02T09:32:34,GOOGL,363.5692,239
2026-01-02T09:32:34,SPY,771.3334,523
2026-01-02T09:32:34,QQQ,675.9994,280
2026-01-02T09:32:35,AAPL,281.4532,106
2026-01-02T09:32:35,MSFT,402.9298,844
2026-01-02T09:32:35,NVDA,201.6763,456
2026-01-02T09:32:35,TSLA,277.3763,736
2026-01-02T09:32:35,AMD,159.0666,844
2026-01-02T09:32:35,AMZN,277.4576,540
2026-01-02T09:32:35,META,595.9593,212
2026-01-02T09:32:35,GOOGL,363.2333,875
2026-01-02T09:32:35,SPY,769.9261,256
2026-01-02T09:32:35,QQQ,676.1382,395
2026-01-02T09:32:36,AAPL,281.2153,255
2026-01-02T09:32:36,MSFT,403.6389,787
2026-01-02T09:32:36,NVDA,201.5273,349
2026-01-02T09:32:36,TSLA,277.1614,360
2026-01-02T09:32:36,AMD,159.0157,463
2026-01-02T09:32:36,AMZN,277.7806,252
2026-01-02T09:32:36,META,594.9646,654
2026-01-02T09:32:36,GOOGL,363.4243,582
2026-01-02T09:32:36,SPY,769.8621,722
2026-01-02T09:32:36,QQQ,676.0197,285
2026-01-02T09:32:37,AAPL,281.3165,288
2026-01-02T09:32:37,MSFT,402.8838,627
2026-01-02T09:32:37,NVDA,201.7546,305
2026-01-02T09:32:37,TSLA,277.6927,225
2026-01-02T09:32:37,AMD,158.9747,597
2026-01-02T09:32:37,AMZN,277.5901,336
2026-01-02T09:32:37,META,594.9876,464
2026-01-02T09:32:37,GOOGL,363.3156,248
2026-01-02T09:32:37,SPY,769.8688,562
2026-01-02T09:32:37,QQQ,674.6651,641
2026-01-02T09:32:38,AAPL,281.4292,162
2026-01-02T09:32:38,MSFT,403.4633,515
2026-01-02T09:32:38,NVDA,201.7070,326
2026-01-02T09:32:38,TSLA,277.7055,156
2026-01-02T09:32:38,AMD,159.0944,800
2026-01-02T09:32:38,AMZN,277.6410,232
2026-01-02T09:32:38,META,595.4721,638
2026-01-02T09:32:38,GOOGL,363.5775,139
2026-01-02T09:32:38,SPY,771.0629,854
2026-01-02T09:32:38,QQQ,675.2318,258
2026-01-02T09:32:39,AAPL,281.4027,254
2026-01-02T09:32:39,MSFT,403.0844,833
2026-01-02T09:32:39,NVDA,201.3799,866
2026-01-02T09:32:39,TSLA,277.7717,407
2026-01-02T09:32:39,AMD,159.2498,312
2026-01-02T09:32:39,AMZN,277.7606,690
2026-01-02T09:32:39,META,595.9849,557
2026-01-02T09:32:39,GOOGL,363.2234,282
2026-01-02T09:32:39,SPY,771.1694,241
2026-01-02T09:32:39,QQQ,674.4349,551
2026-01-02T09:32:40,AAPL,281.3587,128
2026-01-02T09:32:40,MSFT,402.8874,523
2026-01-02T09:32:40,NVDA,201.7461,894
2026-01-02T09:32:40,TSLA,277.3620,259
2026-01-02T09:32:40,AMD,159.0308,225
2026-01-02T09:32:40,AMZN,277.1101,575
2026-01-02T09:32:40,META,595.1649,151
2026-01-02T09:32:40,GOOGL,364.1571,315
2026-01-02T09:32:40,SPY,769.5069,564
2026-01-02T09:32:40,QQQ,676.0372,246
2026-01-02T09:32:41,AAPL,281.2890,852
2026-01-02T09:32:41,MSFT,403.1633,540
2026-01-02T09:32:41,NVDA,201.8436,612
2026-01-02T09:32:41,TSLA,277.5653,215
2026-01-02T09:32:41,AMD,159.3514,286
2026-01-02T09:32:41,AMZN,277.1623,887
2026-01-02T09:32:41,META,595.2158,542
2026-01-02T09:32:41,GOOGL,363.6759,240
2026-01-02T09:32:41,SPY,770.8178,153
2026-01-02T09:32:41,QQQ,674.7221,831
2026-01-02T09:32:42,AAPL,281.2776,506
2026-01-02T09:32:42,MSFT,403.1448,247
2026-01-02T09:32:42,NVDA,201.9275,819
2026-01-02T09:32:42,TSLA,277.3206,483
2026-01-02T09:32:42,AMD,159.2640,444
2026-01-02T09:32:42,AMZN,277.2774,355
2026-01-02T09:32:42,META,594.9992,529
2026-01-02T09:32:42,GOOGL,363.8774,269
2026-01-02T09:32:42,SPY,769.7091,624
2026-01-02T09:32:42,QQQ,676.1435,364
2026-01-02T09:32:43,AAPL,281.6709,200
2026-01-02T09:32:43,MSFT,403.5868,836
2026-01-02T09:32:43,NVDA,201.9070,123
2026-01-02T09:32:43,TSLA,277.5275,731
2026-01-02T09:32:43,AMD,158.9032,500
2026-01-02T09:32:43,AMZN,277.9327,745
2026-01-02T09:32:43,META,595.1519,209
2026-01-02T09:32:43,GOOGL,363.7588,610
2026-01-02T09:32:43,SPY,770.1779,118
2026-01-02T09:32:43,QQQ,675.4680,727
2026-01-02T09:32:44,AAPL,281.3231,335
2026-01-02T09:32:44,MSFT,403.3254,634
2026-01-02T09:32:44,NVDA,201.8491,508
2026-01-02T09:32:44,TSLA,277.6974,368
2026-01-02T09:32:44,AMD,158.9513,383
2026-01-02T09:32:44,AMZN,277.9012,864
2026-01-02T09:32:44,META,595.6925,450
2026-01-02T09:32:44,GOOGL,363.4781,272
2026-01-02T09:32:44,SPY,770.5818,224
2026-01-02T09:32:44,QQQ,675.9767,744
2026-01-02T09:32:45,AAPL,281.5007,176
2026-01-02T09:32:45,MSFT,402.6543,533
2026-01-02T09:32:45,NVDA,201.4865,312
2026-01-02T09:32:45,TSLA,277.5290,662
2026-01-02T09:32:45,AMD,159.2201,708
2026-01-02T09:32:45,AMZN,277.6415,81
2026-01-02T09:32:45,META,596.2878,229
2026-01-02T09:32:45,GOOGL,364.0919,672
2026-01-02T09:32:45,SPY,770.2085,87
2026-01-02T09:32:45,QQQ,676.1354,135
2026-01-02T09:32:46,AAPL,281.8967,850
2026-01-02T09:32:46,MSFT,403.2765,540
2026-01-02T09:32:46,NVDA,201.5158,571
2026-01-02T09:32:46,TSLA,277.6454,393
2026-01-02T09:32:46,AMD,158.8560,868
2026-01-02T09:32:46,AMZN,277.8002,830
2026-01-02T09:32:46,META,594.9496,366
2026-01-02T09:32:46,GOOGL,363.4521,381
2026-01-02T09:32:46,SPY,769.3585,656
2026-01-02T09:32:46,QQQ,674.3303,898
2026-01-02T09:32:47,AAPL,281.1879,544
2026-01-02T09:32:47,MSFT,403.2967,314
2026-01-02T09:32:47,NVDA,201.9388,705
2026-01-02T09:32:47,TSLA,277.4205,350
2026-01-02T09:32:47,AMD,159.3014,416
2026-01-02T09:32:47,AMZN,277.7625,474
2026-01-02T09:32:47,META,595.2285,567
2026-01-02T09:32:47,GOOGL,363.4828,559
2026-01-02T09:32:47,SPY,770.2898,227
2026-01-02T09:32:47,QQQ,674.2251,657
2026-01-02T09:32:48,AAPL,281.4868,894
2026-01-02T09:32:48,MSFT,402.6773,688
2026-01-02T09:32:48,NVDA,201.4059,712
2026-01-02T09:32:48,TSLA,277.5131,139
2026-01-02T09:32:48,AMD,159.2070,151
2026-01-02T09:32:48,AMZN,277.4621,325
2026-01-02T09:32:48,META,595.3046,743
2026-01-02T09:32:48,GOOGL,363.6333,110
2026-01-02T09:32:48,SPY,769.3450,648
2026-01-02T09:32:48,QQQ,674.4708,371
2026-01-02T09:32:49,AAPL,281.9502,898
2026-01-02T09:32:49,MSFT,403.5200,710
2026-01-02T09:32:49,NVDA,201.5924,91
2026-01-02T09:32:49,TSLA,278.0547,500
2026-01-02T09:32:49,AMD,159.2769,417
2026-01-02T09:32:49,AMZN,277.9375,94
2026-01-02T09:32:49,META,596.0654,496
2026-01-02T09:32:49,GOOGL,363.9814,420
2026-01-02T09:32:49,SPY,770.8153,164
2026-01-02T09:32:49,QQQ,674.1314,242
2026-01-02T09:32:50,AAPL,281.7245,879
2026-01-02T09:32:50,MSFT,403.2795,651
2026-01-02T09:32:50,NVDA,201.5939,333
2026-01-02T09:32:50,TSLA,277.9192,113
2026-01-02T09:32:50,AMD,159.2072,148
2026-01-02T09:32:50,AMZN,277.2586,140
2026-01-02T09:32:50,META,596.2058,462
2026-01-02T09:32:50,GOOGL,363.0629,141
2026-01-02T09:32:50,SPY,769.2853,250
2026-01-02T09:32:50,QQQ,675.0176,409
2026-01-02T09:32:51,AAPL,281.5016,407
2026-01-02T09:32:51,MSFT,403.2640,755
2026-01-02T09:32:51,NVDA,201.7051,150
2026-01-02T09:32:51,TSLA,277.8705,274
2026-01-02T09:32:51,AMD,158.8870,899
2026-01-02T09:32:51,AMZN,277.3156,641
2026-01-02T09:32:51,META,595.8828,495
2026-01-02T09:32:51,GOOGL,363.4609,708
2026-01-02T09:32:51,SPY,770.9447,531
2026-01-02T09:32:51,QQQ,675.6709,127
2026-01-02T09:32:52,AAPL,281.6016,301
2026-01-02T09:32:52,MSFT,403.1229,717
2026-01-02T09:32:52,NVDA,201.8286,846
2026-01-02T09:32:52,TSLA,277.3326,240
2026-01-02T09:32:52,AMD,159.2800,502
2026-01-02T09:32:52,AMZN,277.7579,841
2026-01-02T09:32:52,META,596.0925,434
2026-01-02T09:32:52,GOOGL,363.5095,591
2026-01-02T09:32:52,SPY,769.1801,718
2026-01-02T09:32:52,QQQ,675.9621,485
2026-01-02T09:32:53,AAPL,281.3868,353
2026-01-02T09:32:53,MSFT,403.8574,297
2026-01-02T09:32:53,NVDA,201.9094,228
2026-01-02T09:32:53,TSLA,277.9574,734
2026-01-02T09:32:53,AMD,158.8133,706
2026-01-02T09:32:53,AMZN,277.4147,489
2026-01-02T09:32:53,META,596.6835,785
2026-01-02T09:32:53,GOOGL,363.4735,208
2026-01-02T09:32:53,SPY,769.2093,866
2026-01-02T09:32:53,QQQ,675.2319,521
2026-01-02T09:32:54,AAPL,281.5837,202
2026-01-02T09:32:54,MSFT,402.7696,707
2026-01-02T09:32:54,NVDA,201.5383,312
2026-01-02T09:32:54,TSLA,278.0526,887
2026-01-02T09:32:54,AMD,159.2267,727
2026-01-02T09:32:54,AMZN,277.2871,144
2026-01-02T09:32:54,META,595.3002,430
2026-01-02T09:32:54,GOOGL,364.0190,348
2026-01-02T09:32:54,SPY,770.2279,303
2026-01-02T09:32:54,QQQ,675.8038,562
2026-01-02T09:32:55,AAPL,281.7555,666
2026-01-02T09:32:55,MSFT,402.9865,796
2026-01-02T09:32:55,NVDA,201.5041,818
2026-01-02T09:32:55,TSLA,277.6840,334
2026-01-02T09:32:55,AMD,159.2046,231
2026-01-02T09:32:55,AMZN,278.0231,652
2026-01-02T09:32:55,META,596.0202,610
2026-01-02T09:32:55,GOOGL,363.0118,106
2026-01-02T09:32:55,SPY,770.9701,430
2026-01-02T09:32:55,QQQ,674.2971,705
2026-01-02T09:32:56,AAPL,282.0302,418
2026-01-02T09:32:56,MSFT,403.2741,892
2026-01-02T09:32:56,NVDA,201.7441,159
2026-01-02T09:32:56,TSLA,277.3712,866
2026-01-02T09:32:56,AMD,158.9684,848
2026-01-02T09:32:56,AMZN,277.6280,220
2026-01-02T09:32:56,META,595.7152,574
2026-01-02T09:32:56,GOOGL,363.3806,103
2026-01-02T09:32:56,SPY,769.7286,601
2026-01-02T09:32:56,QQQ,674.1991,880
2026-01-02T09:32:57,AAPL,281.3966,748
2026-01-02T09:32:57,MSFT,402.8536,802
2026-01-02T09:32:57,NVDA,201.8375,531
2026-01-02T09:32:57,TSLA,277.4667,838
2026-01-02T09:32:57,AMD,159.2175,515
2026-01-02T09:32:57,AMZN,277.9601,538
2026-01-02T09:32:57,META,595.7301,610
2026-01-02T09:32:57,GOOGL,363.7749,173
2026-01-02T09:32:57,SPY,769.7706,790
2026-01-02T09:32:57,QQQ,674.2574,375
2026-01-02T09:32:58,AAPL,281.9754,499
2026-01-02T09:32:58,MSFT,403.7257,125
2026-01-02T09:32:58,NVDA,201.7189,748
2026-01-02T09:32:58,TSLA,278.0276,159
2026-01-02T09:32:58,AMD,159.1338,372
2026-01-02T09:32:58,AMZN,277.9881,778
2026-01-02T09:32:58,META,596.1076,231
2026-01-02T09:32:58,GOOGL,363.0455,786
2026-01-02T09:32:58,SPY,768.9588,377
2026-01-02T09:32:58,QQQ,674.0989,658
2026-01-02T09:32:59,AAPL,281.5537,401
2026-01-02T09:32:59,MSFT,403.9570,348
2026-01-02T09:32:59,NVDA,201.5564,203
2026-01-02T09:32:59,TSLA,277.5998,81
2026-01-02T09:32:59,AMD,158.9341,438
2026-01-02T09:32:59,AMZN,277.4119,312
2026-01-02T09:32:59,META,595.4809,356
2026-01-02T09:32:59,GOOGL,363.8294,478
2026-01-02T09:32:59,SPY,770.8180,397
2026-01-02T09:32:59,QQQ,675.6947,234
2026-01-02T09:32:00,AAPL,281.8365,258
2026-01-02T09:32:00,MSFT,402.8105,691
2026-01-02T09:32:00,NVDA,201.6771,297
2026-01-02T09:32:00,TSLA,278.0340,272
2026-01-02T09:32:00,AMD,158.9057,247
2026-01-02T09:32:00,AMZN,277.5069,640
2026-01-02T09:32:00,META,596.5018,638
2026-01-02T09:32:00,GOOGL,363.3599,700
2026-01-02T09:32:00,SPY,770.4039,116
2026-01-02T09:32:00,QQQ,675.3163,668
2026-01-02T09:32:01,AAPL,281.9343,334
2026-01-02T09:32:01,MSFT,403.1165,803
2026-01-02T09:32:01,NVDA,201.5391,145
2026-01-02T09:32:01,TSLA,278.1893,694
2026-01-02T09:32:01,AMD,158.8505,146
2026-01-02T09:32:01,AMZN,277.7701,406
2026-01-02T09:32:01,META,596.7171,173
2026-01-02T09:32:01,GOOGL,363.8582,278
2026-01-02T09:32:01,SPY,770.1985,742
2026-01-02T09:32:01,QQQ,674.3247,764
2026-01-02T09:32:02,AAPL,281.9752,306
2026-01-02T09:32:02,MSFT,402.9157,241
2026-01-02T09:32:02,NVDA,201.5327,509
2026-01-02T09:32:02,TSLA,277.6413,745
2026-01-02T09:32:02,AMD,159.0554,613
2026-01-02T09:32:02,AMZN,277.7808,204
2026-01-02T09:32:02,META,596.7672,260
2026-01-02T09:32:02,GOOGL,363.5786,114
2026-01-02T09:32:02,SPY,769.3813,443
2026-01-02T09:32:02,QQQ,675.4218,892
2026-01-02T09:32:03,AAPL,281.4284,512
2026-01-02T09:32:03,MSFT,403.0463,213
2026-01-02T09:32:03,NVDA,201.6439,849
2026-01-02T09:32:03,TSLA,278.1243,644
2026-01-02T09:32:03,AMD,158.9140,478
2026-01-02T09:32:03,AMZN,277.6767,508
2026-01-02T09:32:03,META,595.3837,137
2026-01-02T09:32:03,GOOGL,362.8998,239
2026-01-02T09:32:03,SPY,770.6156,819
2026-01-02T09:32:03,QQQ,673.7047,188
2026-01-02T09:32:04,AAPL,281.9110,510
2026-01-02T09:32:04,MSFT,403.5358,519
2026-01-02T09:32:04,NVDA,201.5608,516
2026-01-02T09:32:04,TSLA,278.1171,388
2026-01-02T09:32:04,AMD,158.8402,725
2026-01-02T09:32:04,AMZN,277.5371,482
2026-01-02T09:32:04,META,596.4366,529
2026-01-02T09:32:04,GOOGL,363.3265,633
2026-01-02T09:32:04,SPY,769.5633,161
2026-01-02T09:32:04,QQQ,673.6759,309
2026-01-02T09:32:05,AAPL,281.8756,349
2026-01-02T09:32:05,MSFT,402.8628,702
2026-01-02T09:32:05,NVDA,201.9936,286
2026-01-02T09:32:05,TSLA,277.5022,146
2026-01-02T09:32:05,AMD,159.0848,474
2026-01-02T09:32:05,AMZN,277.9221,381
2026-01-02T09:32:05,META,595.6756,503
2026-01-02T09:32:05,GOOGL,363.1539,434
2026-01-02T09:32:05,SPY,768.8750,500
2026-01-02T09:32:05,QQQ,673.9098,154
2026-01-02T09:32:06,AAPL,281.7357,551
2026-01-02T09:32:06,MSFT,404.0395,586
2026-01-02T09:32:06,NVDA,202.0656,401
2026-01-02T09:32:06,TSLA,278.0435,106
2026-01-02T09:32:06,AMD,158.7677,279
2026-01-02T09:32:06,AMZN,277.8253,177
2026-01-02T09:32:06,META,595.7669,337
2026-01-02T09:32:06,GOOGL,363.0601,124
2026-01-02T09:32:06,SPY,768.5114,384
2026-01-02T09:32:06,QQQ,674.1057,566
2026-01-02T09:32:07,AAPL,281.8321,587
2026-01-02T09:32:07,MSFT,403.8768,212
2026-01-02T09:32:07,NVDA,201.7612,310
2026-01-02T09:32:07,TSLA,277.9912,102
2026-01-02T09:32:07,AMD,158.8799,785
2026-01-02T09:32:07,AMZN,277.4322,145
2026-01-02T09:32:07,META,596.1793,617
2026-01-02T09:32:07,GOOGL,362.7871,790
2026-01-02T09:32:07,SPY,769.2751,311
2026-01-02T09:32:07,QQQ,674.5042,546
2026-01-02T09:32:08,AAPL,281.7071,440
2026-01-02T09:32:08,MSFT,403.0726,645
2026-01-02T09:32:08,NVDA,202.0524,792
2026-01-02T09:32:08,TSLA,278.0102,611
2026-01-02T09:32:08,AMD,158.8903,567
2026-01-02T09:32:08,AMZN,277.8576,551
2026-01-02T09:32:08,META,595.9772,173
2026-01-02T09:32:08,GOOGL,362.8355,594
2026-01-02T09:32:08,SPY,769.4529,391
2026-01-02T09:32:08,QQQ,674.7427,799
2026-01-02T09:32:09,AAPL,281.8199,882
2026-01-02T09:32:09,MSFT,403.8515,846
2026-01-02T09:32:09,NVDA,201.6924,806
2026-01-02T09:32:09,TSLA,278.1193,107
2026-01-02T09:32:09,AMD,158.9579,792
2026-01-02T09:32:09,AMZN,278.1509,681
2026-01-02T09:32:09,META,596.3944,778
2026-01-02T09:32:09,GOOGL,363.1527,881
2026-01-02T09:32:09,SPY,768.6947,779
2026-01-02T09:32:09,QQQ,674.3323,317
2026-01-02T09:32:10,AAPL,282.1255,758
2026-01-02T09:32:10,MSFT,403.6815,572
2026-01-02T09:32:10,NVDA,201.7136,510
2026-01-02T09:32:10,TSLA,278.1838,879
2026-01-02T09:32:10,AMD,159.0609,698
2026-01-02T09:32:10,AMZN,278.1178,890
2026-01-02T09:32:10,META,595.9468,177
2026-01-02T09:32:10,GOOGL,363.7752,344
2026-01-02T09:32:10,SPY,770.2344,747
2026-01-02T09:32:10,QQQ,674.1365,423
2026-01-02T09:32:11,AAPL,282.0468,616
2026-01-02T09:32:11,MSFT,403.5185,744
2026-01-02T09:32:11,NVDA,201.8571,558
2026-01-02T09:32:11,TSLA,278.1770,237
2026-01-02T09:32:11,AMD,159.0875,252
2026-01-02T09:32:11,AMZN,278.0073,474
2026-01-02T09:32:11,META,596.9063,399
2026-01-02T09:32:11,GOOGL,363.0594,562
2026-01-02T09:32:11,SPY,769.4929,596
2026-01-02T09:32:11,QQQ,673.9964,173
2026-01-02T09:32:12,AAPL,281.7958,355
2026-01-02T09:32:12,MSFT,403.7644,504
2026-01-02T09:32:12,NVDA,201.5556,766
2026-01-02T09:32:12,TSLA,278.1269,875
2026-01-02T09:32:12,AMD,159.0509,881
2026-01-02T09:32:12,AMZN,277.7173,794
2026-01-02T09:32:12,META,595.9237,269
2026-01-02T09:32:12,GOOGL,363.6935,150
2026-01-02T09:32:12,SPY,770.1885,729
2026-01-02T09:32:12,QQQ,675.4447,819
2026-01-02T09:32:13,AAPL,281.5603,411
2026-01-02T09:32:13,MSFT,404.0604,771
2026-01-02T09:32:13,NVDA,202.0048,879
2026-01-02T09:32:13,TSLA,277.6837,808
2026-01-02T09:32:13,AMD,158.8447,595
2026-01-02T09:32:13,AMZN,277.5306,698
2026-01-02T09:32:13,META,596.1843,440
2026-01-02T09:32:13,GOOGL,363.4269,683
2026-01-02T09:32:13,SPY,769.3781,614
2026-01-02T09:32:13,QQQ,673.9518,550
2026-01-02T09:32:14,AAPL,281.7051,221
2026-01-02T09:32:14,MSFT,403.3866,168
2026-01-02T09:32:14,NVDA,202.0009,732
2026-01-02T09:32:14,TSLA,277.9885,861
2026-01-02T09:32:14,AMD,158.8949,186
2026-01-02T09:32:14,AMZN,278.1997,619
2026-01-02T09:32:14,META,596.9322,443
2026-01-02T09:32:14,GOOGL,363.3143,864
2026-01-02T09:32:14,SPY,769.3769,585
2026-01-02T09:32:14,QQQ,675.3168,220
2026-01-02T09:32:15,AAPL,281.5438,759
2026-01-02T09:32:15,MSFT,403.1618,223
2026-01-02T09:32:15,NVDA,202.0478,248
2026-01-02T09:32:15,TSLA,277.8666,313
2026-01-02T09:32:15,AMD,158.7421,146
2026-01-02T09:32:15,AMZN,278.1836,882
2026-01-02T09:32:15,META,595.8560,338
2026-01-02T09:32:15,GOOGL,363.2418,832
2026-01-02T09:32:15,SPY,768.4556,621
2026-01-02T09:32:15,QQQ,674.3712,732
2026-01-02T09:32:16,AAPL,282.0962,892
2026-01-02T09:32:16,MSFT,403.4583,450
2026-01-02T09:32:16,NVDA,201.8796,165
2026-01-02T09:32:16,TSLA,277.6891,510
2026-01-02T09:32:16,AMD,159.0119,822
2026-01-02T09:32:16,AMZN,278.2267,836
2026-01-02T09:32:16,META,596.2715,716
2026-01-02T09:32:16,GOOGL,363.3609,446
2026-01-02T09:32:16,SPY,768.4456,277
2026-01-02T09:32:16,QQQ,674.0594,637
2026-01-02T09:32:17,AAPL,282.1993,323
2026-01-02T09:32:17,MSFT,403.1635,762
2026-01-02T09:32:17,NVDA,201.8352,540
2026-01-02T09:32:17,TSLA,278.1551,198
2026-01-02T09:32:17,AMD,159.1069,121
2026-01-02T09:32:17,AMZN,278.2287,319
2026-01-02T09:32:17,META,595.7210,850
2026-01-02T09:32:17,GOOGL,363.2173,202
2026-01-02T09:32:17,SPY,768.7695,177
2026-01-02T09:32:17,QQQ,674.3439,247
2026-01-02T09:32:18,AAPL,281.4986,430
2026-01-02T09:32:18,MSFT,403.4311,610
2026-01-02T09:32:18,NVDA,202.1251,724
2026-01-02T09:32:18,TSLA,278.3427,82
2026-01-02T09:32:18,AMD,158.7772,131
2026-01-02T09:32:18,AMZN,277.7545,697
2026-01-02T09:32:18,META,596.9883,814
2026-01-02T09:32:18,GOOGL,362.8763,201
2026-01-02T09:32:18,SPY,770.0422,299
2026-01-02T09:32:18,QQQ,673.7785,262
2026-01-02T09:32:19,AAPL,281.7215,657
2026-01-02T09:32:19,MSFT,403.7324,438
2026-01-02T09:32:19,NVDA,201.9188,117
2026-01-02T09:32:19,TSLA,277.8409,541
2026-01-02T09:32:19,AMD,158.7067,207
2026-01-02T09:32:19,AMZN,277.9728,890
2026-01-02T09:32:19,META,595.9426,240
2026-01-02T09:32:19,GOOGL,363.6971,735
2026-01-02T09:32:19,SPY,768.0735,405
2026-01-02T09:32:19,QQQ,674.3991,685
2026-01-02T09:32:20,AAPL,282.2131,577
2026-01-02T09:32:20,MSFT,403.8765,210
2026-01-02T09:32:20,NVDA,201.8922,121
2026-01-02T09:32:20,TSLA,277.8931,105
2026-01-02T09:32:20,AMD,158.7479,482
2026-01-02T09:32:20,AMZN,277.6271,243
2026-01-02T09:32:20,META,596.2592,302
2026-01-02T09:32:20,GOOGL,363.2233,884
2026-01-02T09:32:20,SPY,768.9622,335
2026-01-02T09:32:20,QQQ,675.1737,530
2026-01-02T09:32:21,AAPL,281.8430,762
2026-01-02T09:32:21,MSFT,404.1519,157
2026-01-02T09:32:21,NVDA,202.1948,729
2026-01-02T09:32:21,TSLA,278.3750,767
2026-01-02T09:32:21,AMD,158.8840,230
2026-01-02T09:32:21,AMZN,277.8465,237
2026-01-02T09:32:21,META,596.8263,396
2026-01-02T09:32:21,GOOGL,362.6790,298
2026-01-02T09:32:21,SPY,769.8410,225
2026-01-02T09:32:21,QQQ,674.7876,678
2026-01-02T09:32:22,AAPL,282.2957,175
2026-01-02T09:32:22,MSFT,403.4098,220
2026-01-02T09:32:22,NVDA,201.8020,603
2026-01-02T09:32:22,TSLA,278.2334,441
2026-01-02T09:32:22,AMD,158.8293,345
2026-01-02T09:32:22,AMZN,277.8090,319
2026-01-02T09:32:22,META,597.0474,461
2026-01-02T09:32:22,GOOGL,362.9280,216
2026-01-02T09:32:22,SPY,769.0644,187
2026-01-02T09:32:22,QQQ,674.5163,807
2026-01-02T09:32:23,AAPL,282.2482,610
2026-01-02T09:32:23,MSFT,404.2231,465
2026-01-02T09:32:23,NVDA,201.8948,878
2026-01-02T09:32:23,TSLA,278.0936,403
2026-01-02T09:32:23,AMD,158.9860,357
2026-01-02T09:32:23,AMZN,277.7546,140
2026-01-02T09:32:23,META,595.8413,555
2026-01-02T09:32:23,GOOGL,362.6253,822
2026-01-02T09:32:23,SPY,769.9494,506
2026-01-02T09:32:23,QQQ,673.6039,541
2026-01-02T09:32:24,AAPL,281.5111,868
2026-01-02T09:32:24,MSFT,403.5770,639
2026-01-02T09:32:24,NVDA,201.7819,644
2026-01-02T09:32:24,TSLA,277.8294,289
2026-01-02T09:32:24,AMD,158.9287,495
2026-01-02T09:32:24,AMZN,278.0809,110
