timestamp,symbol,price,volume
2026-01-02T09:30:00,AAPL,287.9389,130
2026-01-02T09:30:00,MSFT,377.1382,881
2026-01-02T09:30:00,NVDA,194.9499,219
2026-01-02T09:30:00,TSLA,254.5439,479
2026-01-02T09:30:00,AMD,165.3587,362
2026-01-02T09:30:00,AMZN,272.1417,464
2026-01-02T09:30:00,META,530.1728,258
2026-01-02T09:30:00,GOOGL,385.0447,465
2026-01-02T09:30:00,SPY,778.9099,137
2026-01-02T09:30:00,QQQ,671.6075,825
2026-01-02T09:30:01,AAPL,287.7835,789
2026-01-02T09:30:01,MSFT,378.1585,80
2026-01-02T09:30:01,NVDA,195.3340,841
2026-01-02T09:30:01,TSLA,254.6069,144
2026-01-02T09:30:01,AMD,165.2086,319
2026-01-02T09:30:01,AMZN,272.2004,127
2026-01-02T09:30:01,META,530.3481,796
2026-01-02T09:30:01,GOOGL,384.5578,520
2026-01-02T09:30:01,SPY,779.5175,483
2026-01-02T09:30:01,QQQ,672.2835,477
2026-01-02T09:30:02,AAPL,287.6896,578
2026-01-02T09:30:02,MSFT,378.1663,333
2026-01-02T09:30:02,NVDA,195.2537,758
2026-01-02T09:30:02,TSLA,254.5479,569
2026-01-02T09:30:02,AMD,165.0012,443
2026-01-02T09:30:02,AMZN,272.0965,566
2026-01-02T09:30:02,META,530.6065,571
2026-01-02T09:30:02,GOOGL,385.3098,684
2026-01-02T09:30:02,SPY,779.8773,86
2026-01-02T09:30:02,QQQ,671.6502,729
2026-01-02T09:30:03,AAPL,288.3267,806
2026-01-02T09:30:03,MSFT,377.6717,389
2026-01-02T09:30:03,NVDA,195.2902,639
2026-01-02T09:30:03,TSLA,255.1195,626
2026-01-02T09:30:03,AMD,165.3484,876
2026-01-02T09:30:03,AMZN,272.0177,703
2026-01-02T09:30:03,META,529.7664,515
2026-01-02T09:30:03,GOOGL,384.2507,475
2026-01-02T09:30:03,SPY,780.4138,549
2026-01-02T09:30:03,QQQ,670.9760,795
2026-01-02T09:30:04,AAPL,288.2974,730
2026-01-02T09:30:04,MSFT,377.4989,279
2026-01-02T09:30:04,NVDA,195.4276,350
2026-01-02T09:30:04,TSLA,255.1445,897
2026-01-02T09:30:04,AMD,165.1265,673
2026-01-02T09:30:04,AMZN,272.1628,536
2026-01-02T09:30:04,META,529.8593,126
2026-01-02T09:30:04,GOOGL,384.9565,360
2026-01-02T09:30:04,SPY,779.5170,142
2026-01-02T09:30:04,QQQ,671.1549,483
2026-01-02T09:30:05,AAPL,287.7240,384
2026-01-02T09:30:05,MSFT,377.7935,511
2026-01-02T09:30:05,NVDA,195.0540,658
2026-01-02T09:30:05,TSLA,255.0986,247
2026-01-02T09:30:05,AMD,165.1830,304
2026-01-02T09:30:05,AMZN,271.5906,846
2026-01-02T09:30:05,META,530.9314,766
2026-01-02T09:30:05,GOOGL,384.7304,718
2026-01-02T09:30:05,SPY,778.6296,704
2026-01-02T09:30:05,QQQ,671.9322,146
2026-01-02T09:30:06,AAPL,287.5934,469
2026-01-02T09:30:06,MSFT,377.4433,582
2026-01-02T09:30:06,NVDA,195.1310,537
2026-01-02T09:30:06,TSLA,254.8353,317
2026-01-02T09:30:06,AMD,165.3484,887
2026-01-02T09:30:06,AMZN,271.7103,609
2026-01-02T09:30:06,META,529.7396,268
2026-01-02T09:30:06,GOOGL,385.1403,430
2026-01-02T09:30:06,SPY,779.1657,180
2026-01-02T09:30:06,QQQ,671.7292,80
2026-01-02T09:30:07,AAPL,287.9866,872
2026-01-02T09:30:07,MSFT,377.1053,705
2026-01-02T09:30:07,NVDA,194.9137,456
2026-01-02T09:30:07,TSLA,254.7596,344
2026-01-02T09:30:07,AMD,165.0830,580
2026-01-02T09:30:07,AMZN,271.9501,510
2026-01-02T09:30:07,META,529.6171,379
2026-01-02T09:30:07,GOOGL,385.4269,334
2026-01-02T09:30:07,SPY,779.0471,140
2026-01-02T09:30:07,QQQ,671.8083,400
2026-01-02T09:30:08,AAPL,287.9760,768
2026-01-02T09:30:08,MSFT,377.5691,93
2026-01-02T09:30:08,NVDA,195.3651,870
2026-01-02T09:30:08,TSLA,254.8005,576
2026-01-02T09:30:08,AMD,165.1235,801
2026-01-02T09:30:08,AMZN,271.6524,807
2026-01-02T09:30:08,META,531.0453,566
2026-01-02T09:30:08,GOOGL,384.9827,464
2026-01-02T09:30:08,SPY,779.5217,335
2026-01-02T09:30:08,QQQ,672.8998,421
2026-01-02T09:30:09,AAPL,287.4764,869
2026-01-02T09:30:09,MSFT,377.9179,232
2026-01-02T09:30:09,NVDA,194.9748,202
2026-01-02T09:30:09,TSLA,255.1555,616
2026-01-02T09:30:09,AMD,165.2396,132
2026-01-02T09:30:09,AMZN,271.8096,226
2026-01-02T09:30:09,META,530.7500,780
2026-01-02T09:30:09,GOOGL,385.1487,475
2026-01-02T09:30:09,SPY,778.6095,446
2026-01-02T09:30:09,QQQ,671.8277,837
2026-01-02T09:30:10,AAPL,287.8996,740
2026-01-02T09:30:10,MSFT,377.9737,557
2026-01-02T09:30:10,NVDA,195.4174,293
2026-01-02T09:30:10,TSLA,255.0901,342
2026-01-02T09:30:10,AMD,165.2080,712
2026-01-02T09:30:10,AMZN,271.7141,398
2026-01-02T09:30:10,META,529.6690,269
2026-01-02T09:30:10,GOOGL,384.4762,321
2026-01-02T09:30:10,SPY,779.0151,805
2026-01-02T09:30:10,QQQ,672.5981,124
2026-01-02T09:30:11,AAPL,288.0849,238
2026-01-02T09:30:11,MSFT,378.0637,271
2026-01-02T09:30:11,NVDA,194.9748,421
2026-01-02T09:30:11,TSLA,254.5171,197
2026-01-02T09:30:11,AMD,165.2245,559
2026-01-02T09:30:11,AMZN,271.9580,522
2026-01-02T09:30:11,META,529.9161,493
2026-01-02T09:30:11,GOOGL,384.3476,871
2026-01-02T09:30:11,SPY,780.6932,559
2026-01-02T09:30:11,QQQ,672.9811,527
2026-01-02T09:30:12,AAPL,287.3861,493
2026-01-02T09:30:12,MSFT,377.1070,880
2026-01-02T09:30:12,NVDA,194.9452,404
2026-01-02T09:30:12,TSLA,255.1343,287
2026-01-02T09:30:12,AMD,165.3034,519
2026-01-02T09:30:12,AMZN,272.0803,140
2026-01-02T09:30:12,META,530.5261,758
2026-01-02T09:30:12,GOOGL,384.4229,83
2026-01-02T09:30:12,SPY,778.9542,544
2026-01-02T09:30:12,QQQ,671.8034,426
2026-01-02T09:30:13,AAPL,287.4954,688
2026-01-02T09:30:13,MSFT,377.1955,81
2026-01-02T09:30:13,NVDA,195.1996,487
2026-01-02T09:30:13,TSLA,254.9337,804
2026-01-02T09:30:13,AMD,165.1422,435
2026-01-02T09:30:13,AMZN,271.9067,613
2026-01-02T09:30:13,META,529.9935,757
2026-01-02T09:30:13,GOOGL,384.8216,80
2026-01-02T09:30:13,SPY,778.8312,329
2026-01-02T09:30:13,QQQ,671.3096,352
2026-01-02T09:30:14,AAPL,287.6157,892
2026-01-02T09:30:14,MSFT,377.7279,412
2026-01-02T09:30:14,NVDA,194.9528,288
2026-01-02T09:30:14,TSLA,254.8453,293
2026-01-02T09:30:14,AMD,165.0051,821
2026-01-02T09:30:14,AMZN,271.5136,727
2026-01-02T09:30:14,META,530.6197,169
2026-01-02T09:30:14,GOOGL,385.0266,164
2026-01-02T09:30:14,SPY,780.4017,135
2026-01-02T09:30:14,QQQ,671.6373,219
2026-01-02T09:30:15,AAPL,287.8784,659
2026-01-02T09:30:15,MSFT,377.5400,858
2026-01-02T09:30:15,NVDA,195.3126,842
2026-01-02T09:30:15,TSLA,254.6318,666
2026-01-02T09:30:15,AMD,165.0618,117
2026-01-02T09:30:15,AMZN,271.9897,364
2026-01-02T09:30:15,META,529.6294,81
2026-01-02T09:30:15,GOOGL,384.4393,100
2026-01-02T09:30:15,SPY,779.9324,463
2026-01-02T09:30:15,QQQ,671.4012,220
2026-01-02T09:30:16,AAPL,287.9448,194
2026-01-02T09:30:16,MSFT,377.6362,339
2026-01-02T09:30:16,NVDA,195.1275,788
2026-01-02T09:30:16,TSLA,255.1595,510
2026-01-02T09:30:16,AMD,165.0561,710
2026-01-02T09:30:16,AMZN,271.7879,743
2026-01-02T09:30:16,META,530.4837,427
2026-01-02T09:30:16,GOOGL,384.8560,673
2026-01-02T09:30:16,SPY,779.3975,654
2026-01-02T09:30:16,QQQ,672.6526,819
2026-01-02T09:30:17,AAPL,287.7805,843
2026-01-02T09:30:17,MSFT,377.0199,547
2026-01-02T09:30:17,NVDA,194.9732,182
2026-01-02T09:30:17,TSLA,254.6765,444
2026-01-02T09:30:17,AMD,165.4283,458
2026-01-02T09:30:17,AMZN,272.1574,288
2026-01-02T09:30:17,META,530.0188,674
2026-01-02T09:30:17,GOOGL,385.2517,419
2026-01-02T09:30:17,SPY,779.1358,575
2026-01-02T09:30:17,QQQ,672.5361,264
2026-01-02T09:30:18,AAPL,287.4594,447
2026-01-02T09:30:18,MSFT,377.3135,409
2026-01-02T09:30:18,NVDA,195.3321,278
2026-01-02T09:30:18,TSLA,254.4243,478
2026-01-02T09:30:18,AMD,165.1949,466
2026-01-02T09:30:18,AMZN,271.4879,630
2026-01-02T09:30:18,META,529.8216,285
2026-01-02T09:30:18,GOOGL,385.0380,302
2026-01-02T09:30:18,SPY,779.2773,645
2026-01-02T09:30:18,QQQ,673.2060,434
2026-01-02T09:30:19,AAPL,287.5367,713
2026-01-02T09:30:19,MSFT,377.1414,846
2026-01-02T09:30:19,NVDA,194.9731,168
2026-01-02T09:30:19,TSLA,255.0945,641
2026-01-02T09:30:19,AMD,165.1774,284
2026-01-02T09:30:19,AMZN,271.9617,410
2026-01-02T09:30:19,META,530.2009,891
2026-01-02T09:30:19,GOOGL,384.4638,885
2026-01-02T09:30:19,SPY,779.1676,179
2026-01-02T09:30:19,QQQ,672.5809,844
2026-01-02T09:30:20,AAPL,287.6032,500
2026-01-02T09:30:20,MSFT,377.3435,764
2026-01-02T09:30:20,NVDA,195.2447,750
2026-01-02T09:30:20,TSLA,254.9273,528
2026-01-02T09:30:20,AMD,165.1165,349
2026-01-02T09:30:20,AMZN,271.5448,187
2026-01-02T09:30:20,META,530.7087,194
2026-01-02T09:30:20,GOOGL,384.5352,760
2026-01-02T09:30:20,SPY,780.9025,357
2026-01-02T09:30:20,QQQ,673.2526,279
2026-01-02T09:30:21,AAPL,287.8485,877
2026-01-02T09:30:21,MSFT,377.4338,361
2026-01-02T09:30:21,NVDA,195.3250,341
2026-01-02T09:30:21,TSLA,254.4089,297
2026-01-02T09:30:21,AMD,165.4568,440
2026-01-02T09:30:21,AMZN,271.7481,863
2026-01-02T09:30:21,META,530.0168,584
2026-01-02T09:30:21,GOOGL,384.7542,114
2026-01-02T09:30:21,SPY,779.0942,526
2026-01-02T09:30:21,QQQ,673.2804,175
2026-01-02T09:30:22,AAPL,287.5808,534
2026-01-02T09:30:22,MSFT,377.3311,151
2026-01-02T09:30:22,NVDA,194.9183,787
2026-01-02T09:30:22,TSLA,254.5599,844
2026-01-02T09:30:22,AMD,165.4820,691
2026-01-02T09:30:22,AMZN,271.9443,254
2026-01-02T09:30:22,META,529.5564,286
2026-01-02T09:30:22,GOOGL,385.4363,145
2026-01-02T09:30:22,SPY,779.0318,823
2026-01-02T09:30:22,QQQ,671.8048,440
2026-01-02T09:30:23,AAPL,287.4907,783
2026-01-02T09:30:23,MSFT,377.7230,384
2026-01-02T09:30:23,NVDA,195.1989,643
2026-01-02T09:30:23,TSLA,254.9796,510
2026-01-02T09:30:23,AMD,165.4559,479
2026-01-02T09:30:23,AMZN,271.4658,896
2026-01-02T09:30:23,META,530.1354,297
2026-01-02T09:30:23,GOOGL,384.8892,630
2026-01-02T09:30:23,SPY,780.4231,803
2026-01-02T09:30:23,QQQ,672.8128,505
2026-01-02T09:30:24,AAPL,287.9504,759
2026-01-02T09:30:24,MSFT,377.2859,160
2026-01-02T09:30:24,NVDA,194.9154,189
2026-01-02T09:30:24,TSLA,254.8323,391
2026-01-02T09:30:24,AMD,165.4808,572
2026-01-02T09:30:24,AMZN,271.9664,855
2026-01-02T09:30:24,META,529.8214,121
2026-01-02T09:30:24,GOOGL,385.1558,423
2026-01-02T09:30:24,SPY,779.7729,803
2026-01-02T09:30:24,QQQ,672.8156,205
2026-01-02T09:30:25,AAPL,287.9936,582
2026-01-02T09:30:25,MSFT,377.1082,218
2026-01-02T09:30:25,NVDA,195.3006,832
2026-01-02T09:30:25,TSLA,254.5654,751
2026-01-02T09:30:25,AMD,165.3813,893
2026-01-02T09:30:25,AMZN,271.8816,847
2026-01-02T09:30:25,META,530.0010,593
2026-01-02T09:30:25,GOOGL,385.4402,558
2026-01-02T09:30:25,SPY,781.0293,250
2026-01-02T09:30:25,QQQ,671.8145,245
2026-01-02T09:30:26,AAPL,287.6568,397
2026-01-02T09:30:26,MSFT,377.3909,432
2026-01-02T09:30:26,NVDA,195.0743,324
2026-01-02T09:30:26,TSLA,254.6264,575
2026-01-02T09:30:26,AMD,165.1017,112
2026-01-02T09:30:26,AMZN,272.0171,455
2026-01-02T09:30:26,META,529.8990,872
2026-01-02T09:30:26,GOOGL,385.4484,852
2026-01-02T09:30:26,SPY,780.9844,699
2026-01-02T09:30:26,QQQ,673.1859,264
2026-01-02T09:30:27,AAPL,287.8598,677
2026-01-02T09:30:27,MSFT,377.0842,152
2026-01-02T09:30:27,NVDA,194.8593,409
2026-01-02T09:30:27,TSLA,254.3527,740
2026-01-02T09:30:27,AMD,165.1984,726
2026-01-02T09:30:27,AMZN,271.7606,659
2026-01-02T09:30:27,META,529.3593,593
2026-01-02T09:30:27,GOOGL,385.4023,155
2026-01-02T09:30:27,SPY,780.0404,599
2026-01-02T09:30:27,QQQ,672.6308,522
2026-01-02T09:30:28,AAPL,288.0415,307
2026-01-02T09:30:28,MSFT,377.1193,537
2026-01-02T09:30:28,NVDA,194.8196,409
2026-01-02T09:30:28,TSLA,254.3722,149
2026-01-02T09:30:28,AMD,165.1279,274
2026-01-02T09:30:28,AMZN,272.0691,575
2026-01-02T09:30:28,META,530.6693,513
2026-01-02T09:30:28,GOOGL,385.1975,821
2026-01-02T09:30:28,SPY,779.7630,567
2026-01-02T09:30:28,QQQ,672.7926,649
2026-01-02T09:30:29,AAPL,287.8586,597
2026-01-02T09:30:29,MSFT,376.9129,486
2026-01-02T09:30:29,NVDA,194.7495,328
2026-01-02T09:30:29,TSLA,254.4566,394
2026-01-02T09:30:29,AMD,165.4864,283
2026-01-02T09:30:29,AMZN,271.7344,290
2026-01-02T09:30:29,META,529.6395,696
2026-01-02T09:30:29,GOOGL,385.5560,872
2026-01-02T09:30:29,SPY,780.1385,528
2026-01-02T09:30:29,QQQ,672.3478,404
2026-01-02T09:30:30,AAPL,287.7140,311
2026-01-02T09:30:30,MSFT,377.0949,173
2026-01-02T09:30:30,NVDA,195.1120,727
2026-01-02T09:30:30,TSLA,254.4908,543
2026-01-02T09:30:30,AMD,165.2117,564
2026-01-02T09:30:30,AMZN,271.7957,685
2026-01-02T09:30:30,META,529.6268,530
2026-01-02T09:30:30,GOOGL,385.0650,602
2026-01-02T09:30:30,SPY,779.9574,458
2026-01-02T09:30:30,QQQ,672.7145,511
2026-01-02T09:30:31,AAPL,287.1902,664
2026-01-02T09:30:31,MSFT,377.4874,657
2026-01-02T09:30:31,NVDA,194.8559,173
2026-01-02T09:30:31,TSLA,254.6988,438
2026-01-02T09:30:31,AMD,165.2900,826
2026-01-02T09:30:31,AMZN,271.3849,810
2026-01-02T09:30:31,META,529.9499,382
2026-01-02T09:30:31,GOOGL,385.5240,777
2026-01-02T09:30:31,SPY,781.3639,873
2026-01-02T09:30:31,QQQ,672.7206,101
2026-01-02T09:30:32,AAPL,288.0316,111
2026-01-02T09:30:32,MSFT,376.7963,867
2026-01-02T09:30:32,NVDA,195.2831,163
2026-01-02T09:30:32,TSLA,254.9796,232
2026-01-02T09:30:32,AMD,165.5454,696
2026-01-02T09:30:32,AMZN,271.9276,438
2026-01-02T09:30:32,META,529.2289,238
2026-01-02T09:30:32,GOOGL,385.2589,144
2026-01-02T09:30:32,SPY,780.5324,845
2026-01-02T09:30:32,QQQ,672.1328,835
2026-01-02T09:30:33,AAPL,287.5390,351
2026-01-02T09:30:33,MSFT,376.7983,265
2026-01-02T09:30:33,NVDA,194.9473,690
2026-01-02T09:30:33,TSLA,254.3528,120
2026-01-02T09:30:33,AMD,165.4293,332
2026-01-02T09:30:33,AMZN,271.5378,423
2026-01-02T09:30:33,META,529.0930,812
2026-01-02T09:30:33,GOOGL,385.3781,295
2026-01-02T09:30:33,SPY,779.2297,143
2026-01-02T09:30:33,QQQ,673.1533,380
2026-01-02T09:30:34,AAPL,287.3356,413
2026-01-02T09:30:34,MSFT,377.0760,571
2026-01-02T09:30:34,NVDA,194.6908,570
2026-01-02T09:30:34,TSLA,254.3233,149
2026-01-02T09:30:34,AMD,165.4224,385
2026-01-02T09:30:34,AMZN,271.8679,266
2026-01-02T09:30:34,META,529.7534,454
2026-01-02T09:30:34,GOOGL,385.6238,230
2026-01-02T09:30:34,SPY,781.3493,803
2026-01-02T09:30:34,QQQ,672.5983,642
2026-01-02T09:30:35,AAPL,287.5868,658
2026-01-02T09:30:35,MSFT,377.6232,255
2026-01-02T09:30:35,NVDA,195.0221,330
2026-01-02T09:30:35,TSLA,254.8231,449
2026-01-02T09:30:35,AMD,165.4693,806
2026-01-02T09:30:35,AMZN,272.0127,405
2026-01-02T09:30:35,META,529.5890,855
2026-01-02T09:30:35,GOOGL,384.7804,865
2026-01-02T09:30:35,SPY,781.4387,391
2026-01-02T09:30:35,QQQ,672.2989,652
2026-01-02T09:30:36,AAPL,287.8908,250
2026-01-02T09:30:36,MSFT,377.2305,776
2026-01-02T09:30:36,NVDA,195.1472,100
2026-01-02T09:30:36,TSLA,254.6239,198
2026-01-02T09:30:36,AMD,165.3106,777
2026-01-02T09:30:36,AMZN,271.4989,555
2026-01-02T09:30:36,META,529.2406,606
2026-01-02T09:30:36,GOOGL,385.4835,850
2026-01-02T09:30:36,SPY,780.8139,186
2026-01-02T09:30:36,QQQ,671.6940,541
2026-01-02T09:30:37,AAPL,287.9627,361
2026-01-02T09:30:37,MSFT,376.9073,112
2026-01-02T09:30:37,NVDA,194.9929,139
2026-01-02T09:30:37,TSLA,254.3398,810
2026-01-02T09:30:37,AMD,165.3100,393
2026-01-02T09:30:37,AMZN,271.5680,601
2026-01-02T09:30:37,META,529.4972,751
2026-01-02T09:30:37,GOOGL,385.2477,856
2026-01-02T09:30:37,SPY,781.5177,154
2026-01-02T09:30:37,QQQ,672.5268,137
2026-01-02T09:30:38,AAPL,287.9120,851
2026-01-02T09:30:38,MSFT,376.9975,113
2026-01-02T09:30:38,NVDA,195.1177,861
2026-01-02T09:30:38,TSLA,254.3701,479
2026-01-02T09:30:38,AMD,165.5497,84
2026-01-02T09:30:38,AMZN,271.9368,683
2026-01-02T09:30:38,META,530.3657,716
2026-01-02T09:30:38,GOOGL,385.4265,668
2026-01-02T09:30:38,SPY,781.0541,545
2026-01-02T09:30:38,QQQ,672.8474,760
2026-01-02T09:30:39,AAPL,287.3639,746
2026-01-02T09:30:39,MSFT,377.3002,121
2026-01-02T09:30:39,NVDA,194.7313,827
2026-01-02T09:30:39,TSLA,254.8210,249
2026-01-02T09:30:39,AMD,165.3781,382
2026-01-02T09:30:39,AMZN,271.3972,150
2026-01-02T09:30:39,META,529.0994,320
2026-01-02T09:30:39,GOOGL,384.9364,216
2026-01-02T09:30:39,SPY,780.8318,111
2026-01-02T09:30:39,QQQ,673.0067,232
2026-01-02T09:30:40,AAPL,287.0983,86
2026-01-02T09:30:40,MSFT,376.7671,745
2026-01-02T09:30:40,NVDA,194.9597,838
2026-01-02T09:30:40,TSLA,254.5188,674
2026-01-02T09:30:40,AMD,165.2000,590
2026-01-02T09:30:40,AMZN,271.3942,571
2026-01-02T09:30:40,META,530.1661,230
2026-01-02T09:30:40,GOOGL,385.2215,390
2026-01-02T09:30:40,SPY,781.6575,328
2026-01-02T09:30:40,QQQ,672.0007,738
2026-01-02T09:30:41,AAPL,287.6765,691
2026-01-02T09:30:41,MSFT,377.4486,304
2026-01-02T09:30:41,NVDA,194.8247,786
2026-01-02T09:30:41,TSLA,254.8249,680
2026-01-02T09:30:41,AMD,165.4485,364
2026-01-02T09:30:41,AMZN,271.8101,249
2026-01-02T09:30:41,META,530.1051,195
2026-01-02T09:30:41,GOOGL,385.2058,226
2026-01-02T09:30:41,SPY,780.2039,804
2026-01-02T09:30:41,QQQ,672.8349,81
2026-01-02T09:30:42,AAPL,287.4750,175
2026-01-02T09:30:42,MSFT,377.2803,396
2026-01-02T09:30:42,NVDA,195.1571,755
2026-01-02T09:30:42,TSLA,254.2751,281
2026-01-02T09:30:42,AMD,165.3654,279
2026-01-02T09:30:42,AMZN,271.7831,471
2026-01-02T09:30:42,META,530.2587,863
2026-01-02T09:30:42,GOOGL,385.7702,663
2026-01-02T09:30:42,SPY,781.5471,152
2026-01-02T09:30:42,QQQ,671.9225,631
2026-01-02T09:30:43,AAPL,287.7322,628
2026-01-02T09:30:43,MSFT,376.9123,788
2026-01-02T09:30:43,NVDA,194.9295,355
2026-01-02T09:30:43,TSLA,254.5305,477
2026-01-02T09:30:43,AMD,165.6115,660
2026-01-02T09:30:43,AMZN,271.4135,796
2026-01-02T09:30:43,META,529.9108,441
2026-01-02T09:30:43,GOOGL,384.8551,166
2026-01-02T09:30:43,SPY,780.4813,130
2026-01-02T09:30:43,QQQ,672.4863,274
2026-01-02T09:30:44,AAPL,287.5076,423
2026-01-02T09:30:44,MSFT,376.8807,513
2026-01-02T09:30:44,NVDA,194.9884,488
2026-01-02T09:30:44,TSLA,254.8653,242
2026-01-02T09:30:44,AMD,165.4462,888
2026-01-02T09:30:44,AMZN,271.1462,857
2026-01-02T09:30:44,META,530.1957,253
2026-01-02T09:30:44,GOOGL,385.3784,649
2026-01-02T09:30:44,SPY,780.0922,551
2026-01-02T09:30:44,QQQ,673.1312,201
2026-01-02T09:30:45,AAPL,287.3102,192
2026-01-02T09:30:45,MSFT,377.2022,441
2026-01-02T09:30:45,NVDA,195.1078,727
2026-01-02T09:30:45,TSLA,254.8988,598
2026-01-02T09:30:45,AMD,165.3941,640
2026-01-02T09:30:45,AMZN,271.2200,766
2026-01-02T09:30:45,META,528.9573,272
2026-01-02T09:30:45,GOOGL,385.6690,211
2026-01-02T09:30:45,SPY,780.7684,807
2026-01-02T09:30:45,QQQ,672.0463,240
2026-01-02T09:30:46,AAPL,287.1504,874
2026-01-02T09:30:46,MSFT,376.8110,335
2026-01-02T09:30:46,NVDA,195.1378,298
2026-01-02T09:30:46,TSLA,254.2696,380
2026-01-02T09:30:46,AMD,165.4551,160
2026-01-02T09:30:46,AMZN,271.8607,139
2026-01-02T09:30:46,META,529.3756,620
2026-01-02T09:30:46,GOOGL,385.6539,627
2026-01-02T09:30:46,SPY,781.0841,347
2026-01-02T09:30:46,QQQ,673.6172,571
2026-01-02T09:30:47,AAPL,287.4271,603
2026-01-02T09:30:47,MSFT,377.4496,543
2026-01-02T09:30:47,NVDA,194.8329,856
2026-01-02T09:30:47,TSLA,254.7702,384
2026-01-02T09:30:47,AMD,165.5629,297
2026-01-02T09:30:47,AMZN,271.5619,239
2026-01-02T09:30:47,META,530.1653,649
2026-01-02T09:30:47,GOOGL,384.9136,175
2026-01-02T09:30:47,SPY,780.9632,379
2026-01-02T09:30:47,QQQ,671.9856,548
2026-01-02T09:30:48,AAPL,287.5801,270
2026-01-02T09:30:48,MSFT,376.6470,363
2026-01-02T09:30:48,NVDA,195.0744,872
2026-01-02T09:30:48,TSLA,254.8290,712
2026-01-02T09:30:48,AMD,165.3304,542
2026-01-02T09:30:48,AMZN,271.8237,843
2026-01-02T09:30:48,META,528.8256,552
2026-01-02T09:30:48,GOOGL,385.4547,82
2026-01-02T09:30:48,SPY,781.7706,223
2026-01-02T09:30:48,QQQ,672.9834,871
2026-01-02T09:30:49,AAPL,287.1307,885
2026-01-02T09:30:49,MSFT,376.8967,423
2026-01-02T09:30:49,NVDA,194.8879,146
2026-01-02T09:30:49,TSLA,254.6429,760
2026-01-02T09:30:49,AMD,165.2614,715
2026-01-02T09:30:49,AMZN,271.7310,624
2026-01-02T09:30:49,META,529.8010,543
2026-01-02T09:30:49,GOOGL,385.1152,269
2026-01-02T09:30:49,SPY,781.1837,309
2026-01-02T09:30:49,QQQ,672.1641,440
2026-01-02T09:30:50,AAPL,287.2498,890
2026-01-02T09:30:50,MSFT,377.3993,445
2026-01-02T09:30:50,NVDA,194.8193,773
2026-01-02T09:30:50,TSLA,254.4656,606
2026-01-02T09:30:50,AMD,165.4505,765
2026-01-02T09:30:50,AMZN,271.4776,868
2026-01-02T09:30:50,META,529.3009,812
2026-01-02T09:30:50,GOOGL,384.9978,539
2026-01-02T09:30:50,SPY,781.3337,259
2026-01-02T09:30:50,QQQ,672.0420,778
2026-01-02T09:30:51,AAPL,287.1408,572
2026-01-02T09:30:51,MSFT,377.0807,151
2026-01-02T09:30:51,NVDA,194.9625,400
2026-01-02T09:30:51,TSLA,254.2366,264
2026-01-02T09:30:51,AMD,165.6368,730
2026-01-02T09:30:51,AMZN,271.2232,497
2026-01-02T09:30:51,META,529.7776,827
2026-01-02T09:30:51,GOOGL,385.1540,737
2026-01-02T09:30:51,SPY,781.8591,594
2026-01-02T09:30:51,QQQ,673.3419,233
2026-01-02T09:30:52,AAPL,287.6894,105
2026-01-02T09:30:52,MSFT,376.5981,392
2026-01-02T09:30:52,NVDA,194.9252,766
2026-01-02T09:30:52,TSLA,254.7140,442
2026-01-02T09:30:52,AMD,165.6847,181
2026-01-02T09:30:52,AMZN,271.7047,212
2026-01-02T09:30:52,META,529.4919,290
2026-01-02T09:30:52,GOOGL,385.8530,644
2026-01-02T09:30:52,SPY,781.6623,847
2026-01-02T09:30:52,QQQ,673.2784,440
2026-01-02T09:30:53,AAPL,287.3534,309
2026-01-02T09:30:53,MSFT,376.4518,727
2026-01-02T09:30:53,NVDA,194.9483,475
2026-01-02T09:30:53,TSLA,254.6928,866
2026-01-02T09:30:53,AMD,165.5252,275
2026-01-02T09:30:53,AMZN,271.7894,883
2026-01-02T09:30:53,META,529.5182,657
2026-01-02T09:30:53,GOOGL,385.6940,493
2026-01-02T09:30:53,SPY,780.5512,178
2026-01-02T09:30:53,QQQ,673.9199,850
2026-01-02T09:30:54,AAPL,287.6563,735
2026-01-02T09:30:54,MSFT,376.9074,487
2026-01-02T09:30:54,NVDA,194.9090,605
2026-01-02T09:30:54,TSLA,254.4402,796
2026-01-02T09:30:54,AMD,165.2585,678
2026-01-02T09:30:54,AMZN,271.7288,700
2026-01-02T09:30:54,META,529.9551,454
2026-01-02T09:30:54,GOOGL,385.7341,383
2026-01-02T09:30:54,SPY,780.0146,777
2026-01-02T09:30:54,QQQ,673.4105,331
2026-01-02T09:30:55,AAPL,287.0398,877
2026-01-02T09:30:55,MSFT,377.1233,466
2026-01-02T09:30:55,NVDA,194.9658,217
2026-01-02T09:30:55,TSLA,254.4667,467
2026-01-02T09:30:55,AMD,165.3770,295
2026-01-02T09:30:55,AMZN,271.5239,276
2026-01-02T09:30:55,META,528.9404,882
2026-01-02T09:30:55,GOOGL,385.7775,836
2026-01-02T09:30:55,SPY,781.3898,756
2026-01-02T09:30:55,QQQ,672.7743,624
2026-01-02T09:30:56,AAPL,287.0211,564
2026-01-02T09:30:56,MSFT,377.2779,212
2026-01-02T09:30:56,NVDA,195.0911,361
2026-01-02T09:30:56,TSLA,254.4797,279
2026-01-02T09:30:56,AMD,165.3387,115
2026-01-02T09:30:56,AMZN,271.0760,656
2026-01-02T09:30:56,META,529.3853,571
2026-01-02T09:30:56,GOOGL,385.7030,260
2026-01-02T09:30:56,SPY,782.0973,848
2026-01-02T09:30:56,QQQ,672.4111,744
2026-01-02T09:30:57,AAPL,287.6852,748
2026-01-02T09:30:57,MSFT,377.1419,898
2026-01-02T09:30:57,NVDA,194.8207,876
2026-01-02T09:30:57,TSLA,254.2291,761
2026-01-02T09:30:57,AMD,165.2793,706
2026-01-02T09:30:57,AMZN,271.6718,491
2026-01-02T09:30:57,META,528.8359,549
2026-01-02T09:30:57,GOOGL,385.3422,852
2026-01-02T09:30:57,SPY,782.0101,237
2026-01-02T09:30:57,QQQ,674.0504,487
2026-01-02T09:30:58,AAPL,287.4020,713
2026-01-02T09:30:58,MSFT,377.2328,879
2026-01-02T09:30:58,NVDA,194.7842,143
2026-01-02T09:30:58,TSLA,254.2523,645
2026-01-02T09:30:58,AMD,165.3863,806
2026-01-02T09:30:58,AMZN,271.2848,764
2026-01-02T09:30:58,META,529.6447,738
2026-01-02T09:30:58,GOOGL,385.5220,851
2026-01-02T09:30:58,SPY,781.5228,405
2026-01-02T09:30:58,QQQ,673.1186,157
2026-01-02T09:30:59,AAPL,287.0473,238
2026-01-02T09:30:59,MSFT,377.0484,99
2026-01-02T09:30:59,NVDA,194.8552,693
2026-01-02T09:30:59,TSLA,254.5522,351
2026-01-02T09:30:59,AMD,165.5472,778
2026-01-02T09:30:59,AMZN,271.7203,475
2026-01-02T09:30:59,META,529.7566,848
2026-01-02T09:30:59,GOOGL,385.0045,377
2026-01-02T09:30:59,SPY,780.0576,537
2026-01-02T09:30:59,QQQ,673.0516,664
2026-01-02T09:30:00,AAPL,287.2448,733
2026-01-02T09:30:00,MSFT,376.5538,299
2026-01-02T09:30:00,NVDA,195.0938,261
2026-01-02T09:30:00,TSLA,254.6885,423
2026-01-02T09:30:00,AMD,165.3057,304
2026-01-02T09:30:00,AMZN,271.7099,858
2026-01-02T09:30:00,META,529.7861,552
2026-01-02T09:30:00,GOOGL,385.9752,223
2026-01-02T09:30:00,SPY,781.4060,650
2026-01-02T09:30:00,QQQ,674.0245,233
2026-01-02T09:30:01,AAPL,287.7013,585
2026-01-02T09:30:01,MSFT,376.5800,99
2026-01-02T09:30:01,NVDA,194.7709,817
2026-01-02T09:30:01,TSLA,254.2773,399
2026-01-02T09:30:01,AMD,165.3646,385
2026-01-02T09:30:01,AMZN,271.1980,642
2026-01-02T09:30:01,META,529.6594,773
2026-01-02T09:30:01,GOOGL,385.3590,764
2026-01-02T09:30:01,SPY,780.9309,523
2026-01-02T09:30:01,QQQ,673.7344,228
2026-01-02T09:30:02,AAPL,287.1661,675
2026-01-02T09:30:02,MSFT,376.9468,139
2026-01-02T09:30:02,NVDA,194.5893,885
2026-01-02T09:30:02,TSLA,254.2586,602
2026-01-02T09:30:02,AMD,165.4249,817
2026-01-02T09:30:02,AMZN,271.2925,192
2026-01-02T09:30:02,META,529.6986,382
2026-01-02T09:30:02,GOOGL,385.7458,315
2026-01-02T09:30:02,SPY,780.9365,477
2026-01-02T09:30:02,QQQ,673.5698,164
2026-01-02T09:30:03,AAPL,286.9296,323
2026-01-02T09:30:03,MSFT,377.2908,566
2026-01-02T09:30:03,NVDA,195.0299,657
2026-01-02T09:30:03,TSLA,254.5932,345
2026-01-02T09:30:03,AMD,165.2895,800
2026-01-02T09:30:03,AMZN,271.6941,223
2026-01-02T09:30:03,META,528.7618,386
2026-01-02T09:30:03,GOOGL,385.7833,592
2026-01-02T09:30:03,SPY,781.8088,501
2026-01-02T09:30:03,QQQ,673.9671,486
2026-01-02T09:30:04,AAPL,287.1366,608
2026-01-02T09:30:04,MSFT,377.0167,330
2026-01-02T09:30:04,NVDA,194.7961,445
2026-01-02T09:30:04,TSLA,254.2405,422
2026-01-02T09:30:04,AMD,165.6144,676
2026-01-02T09:30:04,AMZN,271.3062,414
2026-01-02T09:30:04,META,528.6827,635
2026-01-02T09:30:04,GOOGL,385.4554,655
2026-01-02T09:30:04,SPY,781.5744,841
2026-01-02T09:30:04,QQQ,673.2541,438
2026-01-02T09:30:05,AAPL,286.8552,789
2026-01-02T09:30:05,MSFT,376.8271,310
2026-01-02T09:30:05,NVDA,194.7935,589
2026-01-02T09:30:05,TSLA,254.0971,364
2026-01-02T09:30:05,AMD,165.3327,248
2026-01-02T09:30:05,AMZN,271.1395,754
2026-01-02T09:30:05,META,529.3139,531
2026-01-02T09:30:05,GOOGL,385.4440,350
2026-01-02T09:30:05,SPY,782.1075,763
2026-01-02T09:30:05,QQQ,673.2879,116
2026-01-02T09:30:06,AAPL,287.2283,715
2026-01-02T09:30:06,MSFT,377.3806,147
2026-01-02T09:30:06,NVDA,194.7017,604
2026-01-02T09:30:06,TSLA,254.6950,737
2026-01-02T09:30:06,AMD,165.6950,552
2026-01-02T09:30:06,AMZN,271.5240,886
2026-01-02T09:30:06,META,528.9877,88
2026-01-02T09:30:06,GOOGL,385.6141,286
2026-01-02T09:30:06,SPY,780.1282,492
2026-01-02T09:30:06,QQQ,673.0180,600
2026-01-02T09:30:07,AAPL,287.5042,516
2026-01-02T09:30:07,MSFT,376.6996,341
2026-01-02T09:30:07,NVDA,194.6360,679
2026-01-02T09:30:07,TSLA,254.1711,680
2026-01-02T09:30:07,AMD,165.7773,425
2026-01-02T09:30:07,AMZN,271.2422,588
2026-01-02T09:30:07,META,529.6360,710
2026-01-02T09:30:07,GOOGL,385.7490,138
2026-01-02T09:30:07,SPY,780.7136,617
2026-01-02T09:30:07,QQQ,673.1401,415
2026-01-02T09:30:08,AAPL,287.1195,898
2026-01-02T09:30:08,MSFT,377.1493,821
2026-01-02T09:30:08,NVDA,194.4627,525
2026-01-02T09:30:08,TSLA,254.4991,319
2026-01-02T09:30:08,AMD,165.7907,852
2026-01-02T09:30:08,AMZN,271.2605,81
2026-01-02T09:30:08,META,528.7080,262
2026-01-02T09:30:08,GOOGL,385.4219,575
2026-01-02T09:30:08,SPY,780.9760,629
2026-01-02T09:30:08,QQQ,673.7180,564
2026-01-02T09:30:09,AAPL,287.0683,217
2026-01-02T09:30:09,MSFT,376.8498,217
2026-01-02T09:30:09,NVDA,194.5535,224
2026-01-02T09:30:09,TSLA,254.5495,569
2026-01-02T09:30:09,AMD,165.5987,129
2026-01-02T09:30:09,AMZN,270.8896,504
2026-01-02T09:30:09,META,529.7963,353
2026-01-02T09:30:09,GOOGL,385.7609,388
2026-01-02T09:30:09,SPY,780.2005,632
2026-01-02T09:30:09,QQQ,674.2499,793
2026-01-02T09:30:10,AAPL,286.8585,341
2026-01-02T09:30:10,MSFT,376.4434,229
2026-01-02T09:30:10,NVDA,194.8540,691
2026-01-02T09:30:10,TSLA,254.2462,282
2026-01-02T09:30:10,AMD,165.4618,797
2026-01-02T09:30:10,AMZN,271.5658,721
2026-01-02T09:30:10,META,529.4653,580
2026-01-02T09:30:10,GOOGL,385.4898,635
2026-01-02T09:30:10,SPY,780.5039,668
2026-01-02T09:30:10,QQQ,673.5294,178
2026-01-02T09:30:11,AAPL,287.3905,134
2026-01-02T09:30:11,MSFT,377.1660,210
2026-01-02T09:30:11,NVDA,194.8895,289
2026-01-02T09:30:11,TSLA,254.3821,340
2026-01-02T09:30:11,AMD,165.4785,262
2026-01-02T09:30:11,AMZN,271.4128,270
2026-01-02T09:30:11,META,528.6109,775
2026-01-02T09:30:11,GOOGL,385.4476,872
2026-01-02T09:30:11,SPY,780.9851,241
2026-01-02T09:30:11,QQQ,673.7022,333
2026-01-02T09:30:12,AAPL,286.8426,87
2026-01-02T09:30:12,MSFT,376.2535,629
2026-01-02T09:30:12,NVDA,194.8997,732
2026-01-02T09:30:12,TSLA,253.9719,630
2026-01-02T09:30:12,AMD,165.8048,556
2026-01-02T09:30:12,AMZN,271.2419,763
2026-01-02T09:30:12,META,529.6543,141
2026-01-02T09:30:12,GOOGL,385.7903,261
2026-01-02T09:30:12,SPY,781.8528,703
2026-01-02T09:30:12,QQQ,674.1341,450
2026-01-02T09:30:13,AAPL,287.2137,165
2026-01-02T09:30:13,MSFT,377.0325,471
2026-01-02T09:30:13,NVDA,194.6551,718
2026-01-02T09:30:13,TSLA,254.3911,396
2026-01-02T09:30:13,AMD,165.6957,819
2026-01-02T09:30:13,AMZN,270.9883,655
2026-01-02T09:30:13,META,529.1210,708
2026-01-02T09:30:13,GOOGL,385.8923,854
2026-01-02T09:30:13,SPY,782.1067,429
2026-01-02T09:30:13,QQQ,673.7753,739
2026-01-02T09:30:14,AAPL,287.3492,162
2026-01-02T09:30:14,MSFT,376.9165,497
2026-01-02T09:30:14,NVDA,194.5779,474
2026-01-02T09:30:14,TSLA,254.3307,435
2026-01-02T09:30:14,AMD,165.5411,500
2026-01-02T09:30:14,AMZN,271.3491,735
2026-01-02T09:30:14,META,528.9052,690
2026-01-02T09:30:14,GOOGL,385.6944,299
2026-01-02T09:30:14,SPY,781.4585,432
2026-01-02T09:30:14,QQQ,673.2795,599
2026-01-02T09:30:15,AAPL,287.4281,431
2026-01-02T09:30:15,MSFT,377.0751,882
2026-01-02T09:30:15,NVDA,194.7901,333
2026-01-02T09:30:15,TSLA,254.5208,878
2026-01-02T09:30:15,AMD,165.5619,714
2026-01-02T09:30:15,AMZN,270.9319,286
2026-01-02T09:30:15,META,528.4396,567
2026-01-02T09:30:15,GOOGL,386.1455,458
2026-01-02T09:30:15,SPY,782.0257,476
2026-01-02T09:30:15,QQQ,674.3488,249
2026-01-02T09:30:16,AAPL,286.9240,456
2026-01-02T09:30:16,MSFT,376.1578,198
2026-01-02T09:30:16,NVDA,194.5210,422
2026-01-02T09:30:16,TSLA,254.4014,862
2026-01-02T09:30:16,AMD,165.5174,442
2026-01-02T09:30:16,AMZN,271.3276,297
2026-01-02T09:30:16,META,529.0970,742
2026-01-02T09:30:16,GOOGL,385.2387,318
2026-01-02T09:30:16,SPY,781.9015,143
2026-01-02T09:30:16,QQQ,672.8758,515
2026-01-02T09:30:17,AAPL,287.0481,352
2026-01-02T09:30:17,MSFT,376.5055,877
2026-01-02T09:30:17,NVDA,194.5824,156
2026-01-02T09:30:17,TSLA,254.0277,878
2026-01-02T09:30:17,AMD,165.8252,237
2026-01-02T09:30:17,AMZN,271.5239,800
2026-01-02T09:30:17,META,529.1909,408
2026-01-02T09:30:17,GOOGL,386.3564,709
2026-01-02T09:30:17,SPY,780.9364,822
2026-01-02T09:30:17,QQQ,673.9137,884
2026-01-02T09:30:18,AAPL,287.0669,590
2026-01-02T09:30:18,MSFT,377.1727,591
2026-01-02T09:30:18,NVDA,194.5352,692
2026-01-02T09:30:18,TSLA,254.1451,689
2026-01-02T09:30:18,AMD,165.4462,149
2026-01-02T09:30:18,AMZN,271.3318,681
2026-01-02T09:30:18,META,529.1400,755
2026-01-02T09:30:18,GOOGL,386.0499,246
2026-01-02T09:30:18,SPY,780.7235,238
2026-01-02T09:30:18,QQQ,674.3338,360
2026-01-02T09:30:19,AAPL,287.4479,729
2026-01-02T09:30:19,MSFT,376.0881,271
2026-01-02T09:30:19,NVDA,194.4879,700
2026-01-02T09:30:19,TSLA,254.1343,287
2026-01-02T09:30:19,AMD,165.6805,599
2026-01-02T09:30:19,AMZN,271.5131,231
2026-01-02T09:30:19,META,528.5209,625
2026-01-02T09:30:19,GOOGL,385.5953,720
2026-01-02T09:30:19,SPY,780.9923,189
2026-01-02T09:30:19,QQQ,673.9684,290
2026-01-02T09:30:20,AAPL,287.2500,758
2026-01-02T09:30:20,MSFT,377.1043,209
2026-01-02T09:30:20,NVDA,194.7595,153
2026-01-02T09:30:20,TSLA,254.1383,270
2026-01-02T09:30:20,AMD,165.8664,379
2026-01-02T09:30:20,AMZN,270.9407,450
2026-01-02T09:30:20,META,528.2667,831
2026-01-02T09:30:20,GOOGL,385.9974,783
2026-01-02T09:30:20,SPY,780.8243,281
2026-01-02T09:30:20,QQQ,674.4957,290
2026-01-02T09:30:21,AAPL,286.9342,468
2026-01-02T09:30:21,MSFT,376.7090,423
2026-01-02T09:30:21,NVDA,194.5447,575
2026-01-02T09:30:21,TSLA,254.0759,89
2026-01-02T09:30:21,AMD,165.5452,657
2026-01-02T09:30:21,AMZN,271.3181,121
2026-01-02T09:30:21,META,528.9062,805
2026-01-02T09:30:21,GOOGL,385.5543,102
2026-01-02T09:30:21,SPY,781.8093,896
2026-01-02T09:30:21,QQQ,673.4273,673
2026-01-02T09:30:22,AAPL,286.8145,238
2026-01-02T09:30:22,MSFT,376.7492,843
2026-01-02T09:30:22,NVDA,194.5153,116
2026-01-02T09:30:22,TSLA,254.3817,269
2026-01-02T09:30:22,AMD,165.4736,209
2026-01-02T09:30:22,AMZN,271.4676,230
2026-01-02T09:30:22,META,529.3379,373
2026-01-02T09:30:22,GOOGL,385.4786,487
2026-01-02T09:30:22,SPY,780.9742,428
2026-01-02T09:30:22,QQQ,673.4775,478
2026-01-02T09:30:23,AAPL,287.4415,684
2026-01-02T09:30:23,MSFT,376.9881,638
2026-01-02T09:30:23,NVDA,194.5110,405
2026-01-02T09:30:23,TSLA,254.4558,454
2026-01-02T09:30:23,AMD,165.5114,285
2026-01-02T09:30:23,AMZN,271.4835,423
2026-01-02T09:30:23,META,528.8717,863
2026-01-02T09:30:23,GOOGL,385.3129,325
2026-01-02T09:30:23,SPY,781.9887,317
2026-01-02T09:30:23,QQQ,673.6809,118
2026-01-02T09:30:24,AAPL,286.7540,394
2026-01-02T09:30:24,MSFT,377.0663,530
2026-01-02T09:30:24,NVDA,194.5601,350
2026-01-02T09:30:24,TSLA,254.1354,446
2026-01-02T09:30:24,AMD,165.7572,302
2026-01-02T09:30:24,AMZN,271.0808,473
2026-01-02T09:30:24,META,529.4756,109
2026-01-02T09:30:24,GOOGL,385.4074,411
2026-01-02T09:30:24,SPY,781.8428,184
2026-01-02T09:30:24,QQQ,673.7628,521
2026-01-02T09:30:25,AAPL,286.7721,133
2026-01-02T09:30:25,MSFT,376.0722,662
2026-01-02T09:30:25,NVDA,194.5572,438
2026-01-02T09:30:25,TSLA,253.8258,173
2026-01-02T09:30:25,AMD,165.4405,873
2026-01-02T09:30:25,AMZN,271.4935,162
2026-01-02T09:30:25,META,528.6463,514
2026-01-02T09:30:25,GOOGL,385.8272,651
2026-01-02T09:30:25,SPY,780.6507,294
2026-01-02T09:30:25,QQQ,672.9981,768
2026-01-02T09:30:26,AAPL,287.3593,259
2026-01-02T09:30:26,MSFT,377.0627,752
2026-01-02T09:30:26,NVDA,194.3527,410
2026-01-02T09:30:26,TSLA,254.0425,621
2026-01-02T09:30:26,AMD,165.5574,431
2026-01-02T09:30:26,AMZN,270.8506,870
2026-01-02T09:30:26,META,528.5271,592
2026-01-02T09:30:26,GOOGL,385.3530,758
2026-01-02T09:30:26,SPY,782.0289,349
2026-01-02T09:30:26,QQQ,673.1925,450
2026-01-02T09:30:27,AAPL,286.8441,709
2026-01-02T09:30:27,MSFT,376.9968,107
2026-01-02T09:30:27,NVDA,194.6428,799
2026-01-02T09:30:27,TSLA,253.7828,602
2026-01-02T09:30:27,AMD,165.5992,80
2026-01-02T09:30:27,AMZN,270.9298,683
2026-01-02T09:30:27,META,528.6668,475
2026-01-02T09:30:27,GOOGL,386.1061,366
2026-01-02T09:30:27,SPY,782.4193,881
2026-01-02T09:30:27,QQQ,673.5335,601
2026-01-02T09:30:28,AAPL,287.3759,589
2026-01-02T09:30:28,MSFT,376.1654,329
2026-01-02T09:30:28,NVDA,194.3967,303
2026-01-02T09:30:28,TSLA,254.4055,105
2026-01-02T09:30:28,AMD,165.5048,301
2026-01-02T09:30:28,AMZN,271.3499,411
2026-01-02T09:30:28,META,528.4058,164
2026-01-02T09:30:28,GOOGL,385.4110,98
2026-01-02T09:30:28,SPY,782.7376,121
2026-01-02T09:30:28,QQQ,673.9326,454
2026-01-02T09:30:29,AAPL,286.9320,789
2026-01-02T09:30:29,MSFT,376.4913,862
2026-01-02T09:30:29,NVDA,194.4167,139
2026-01-02T09:30:29,TSLA,253.7463,516
2026-01-02T09:30:29,AMD,165.7461,856
2026-01-02T09:30:29,AMZN,271.1912,516
2026-01-02T09:30:29,META,528.2953,370
2026-01-02T09:30:29,GOOGL,386.2912,821
2026-01-02T09:30:29,SPY,780.8205,899
2026-01-02T09:30:29,QQQ,674.8426,726
2026-01-02T09:30:30,AAPL,287.4189,880
2026-01-02T09:30:30,MSFT,376.0398,396
2026-01-02T09:30:30,NVDA,194.4740,809
2026-01-02T09:30:30,TSLA,254.0028,785
2026-01-02T09:30:30,AMD,165.5854,801
2026-01-02T09:30:30,AMZN,270.7301,498
2026-01-02T09:30:30,META,528.6720,142
2026-01-02T09:30:30,GOOGL,386.4562,345
2026-01-02T09:30:30,SPY,781.9894,214
2026-01-02T09:30:30,QQQ,673.4490,241
2026-01-02T09:30:31,AAPL,286.6941,380
2026-01-02T09:30:31,MSFT,376.9418,323
2026-01-02T09:30:31,NVDA,194.3203,141
2026-01-02T09:30:31,TSLA,253.8618,430
2026-01-02T09:30:31,AMD,165.7420,785
2026-01-02T09:30:31,AMZN,270.6944,408
2026-01-02T09:30:31,META,528.2825,891
2026-01-02T09:30:31,GOOGL,386.1794,847
2026-01-02T09:30:31,SPY,782.0152,861
2026-01-02T09:30:31,QQQ,673.2092,296
2026-01-02T09:30:32,AAPL,287.0558,623
2026-01-02T09:30:32,MSFT,376.3898,339
2026-01-02T09:30:32,NVDA,194.3933,678
2026-01-02T09:30:32,TSLA,254.0055,217
2026-01-02T09:30:32,AMD,165.7543,629
2026-01-02T09:30:32,AMZN,270.7043,141
2026-01-02T09:30:32,META,528.0669,135
2026-01-02T09:30:32,GOOGL,385.7361,530
2026-01-02T09:30:32,SPY,781.8811,458
2026-01-02T09:30:32,QQQ,673.6208,556
2026-01-02T09:30:33,AAPL,287.0724,819
2026-01-02T09:30:33,MSFT,376.9407,352
2026-01-02T09:30:33,NVDA,194.7729,553
2026-01-02T09:30:33,TSLA,253.8911,636
2026-01-02T09:30:33,AMD,165.5612,501
2026-01-02T09:30:33,AMZN,270.7038,802
2026-01-02T09:30:33,META,528.2086,774
2026-01-02T09:30:33,GOOGL,386.4422,169
2026-01-02T09:30:33,SPY,782.7328,376
2026-01-02T09:30:33,QQQ,673.6289,182
2026-01-02T09:30:34,AAPL,287.1824,772
2026-01-02T09:30:34,MSFT,376.7270,358
2026-01-02T09:30:34,NVDA,194.4035,222
2026-01-02T09:30:34,TSLA,253.8024,226
2026-01-02T09:30:34,AMD,165.5389,514
2026-01-02T09:30:34,AMZN,270.9902,726
2026-01-02T09:30:34,META,528.3714,235
2026-01-02T09:30:34,GOOGL,386.5328,101
2026-01-02T09:30:34,SPY,782.1497,734
2026-01-02T09:30:34,QQQ,673.9365,578
2026-01-02T09:30:35,AAPL,287.2023,845
2026-01-02T09:30:35,MSFT,376.6017,864
2026-01-02T09:30:35,NVDA,194.4609,819
2026-01-02T09:30:35,TSLA,254.2379,355
2026-01-02T09:30:35,AMD,165.8882,94
2026-01-02T09:30:35,AMZN,270.6484,880
2026-01-02T09:30:35,META,528.5149,361
2026-01-02T09:30:35,GOOGL,385.5591,819
2026-01-02T09:30:35,SPY,782.0749,590
2026-01-02T09:30:35,QQQ,673.7861,280
2026-01-02T09:30:36,AAPL,287.0670,378
2026-01-02T09:30:36,MSFT,376.7138,645
2026-01-02T09:30:36,NVDA,194.6059,565
2026-01-02T09:30:36,TSLA,254.3148,360
2026-01-02T09:30:36,AMD,165.5013,642
2026-01-02T09:30:36,AMZN,271.4239,250
2026-01-02T09:30:36,META,529.0426,362
2026-01-02T09:30:36,GOOGL,386.0726,195
2026-01-02T09:30:36,SPY,781.4260,392
2026-01-02T09:30:36,QQQ,673.5368,746
2026-01-02T09:30:37,AAPL,286.6842,414
2026-01-02T09:30:37,MSFT,376.1501,284
2026-01-02T09:30:37,NVDA,194.2694,130
2026-01-02T09:30:37,TSLA,254.2466,163
2026-01-02T09:30:37,AMD,165.7467,168
2026-01-02T09:30:37,AMZN,271.4066,157
2026-01-02T09:30:37,META,528.8782,495
2026-01-02T09:30:37,GOOGL,386.4408,597
2026-01-02T09:30:37,SPY,782.7939,549
2026-01-02T09:30:37,QQQ,673.9245,423
2026-01-02T09:30:38,AAPL,287.0421,520
2026-01-02T09:30:38,MSFT,376.7261,429
2026-01-02T09:30:38,NVDA,194.4694,211
2026-01-02T09:30:38,TSLA,253.8298,134
2026-01-02T09:30:38,AMD,165.6974,709
2026-01-02T09:30:38,AMZN,271.1099,484
2026-01-02T09:30:38,META,528.4630,273
2026-01-02T09:30:38,GOOGL,386.2698,631
2026-01-02T09:30:38,SPY,780.9687,561
2026-01-02T09:30:38,QQQ,673.4694,388
2026-01-02T09:30:39,AAPL,286.5486,159
2026-01-02T09:30:39,MSFT,376.0210,371
2026-01-02T09:30:39,NVDA,194.2498,635
2026-01-02T09:30:39,TSLA,254.2625,521
2026-01-02T09:30:39,AMD,165.8485,358
2026-01-02T09:30:39,AMZN,271.1126,639
2026-01-02T09:30:39,META,527.9610,202
2026-01-02T09:30:39,GOOGL,386.3437,843
2026-01-02T09:30:39,SPY,781.8029,822
2026-01-02T09:30:39,QQQ,674.5159,200
2026-01-02T09:31:40,AAPL,286.5389,684
2026-01-02T09:31:40,MSFT,376.1669,216
2026-01-02T09:31:40,NVDA,194.4873,853
2026-01-02T09:31:40,TSLA,254.1962,824
2026-01-02T09:31:40,AMD,165.7893,221
2026-01-02T09:31:40,AMZN,270.9364,129
2026-01-02T09:31:40,META,529.1494,896
2026-01-02T09:31:40,GOOGL,385.6547,216
2026-01-02T09:31:40,SPY,783.2758,412
2026-01-02T09:31:40,QQQ,674.5631,816
2026-01-02T09:31:41,AAPL,286.6974,736
2026-01-02T09:31:41,MSFT,376.3803,496
2026-01-02T09:31:41,NVDA,194.4354,239
2026-01-02T09:31:41,TSLA,254.3901,622
2026-01-02T09:31:41,AMD,165.7035,796
2026-01-02T09:31:41,AMZN,271.2208,306
2026-01-02T09:31:41,META,528.6152,877
2026-01-02T09:31:41,GOOGL,386.6160,538
2026-01-02T09:31:41,SPY,781.8836,840
2026-01-02T09:31:41,QQQ,674.8250,809
2026-01-02T09:31:42,AAPL,286.6913,298
2026-01-02T09:31:42,MSFT,376.2585,201
2026-01-02T09:31:42,NVDA,194.6233,332
2026-01-02T09:31:42,TSLA,253.9106,852
2026-01-02T09:31:42,AMD,165.8362,163
2026-01-02T09:31:42,AMZN,271.2757,745
2026-01-02T09:31:42,META,529.0540,817
2026-01-02T09:31:42,GOOGL,386.4522,609
2026-01-02T09:31:42,SPY,782.7771,189
2026-01-02T09:31:42,QQQ,673.7758,175
2026-01-02T09:31:43,AAPL,287.3231,486
2026-01-02T09:31:43,MSFT,375.9873,471
2026-01-02T09:31:43,NVDA,194.7672,861
2026-01-02T09:31:43,TSLA,253.7762,599
2026-01-02T09:31:43,AMD,165.7557,151
2026-01-02T09:31:43,AMZN,271.2120,321
2026-01-02T09:31:43,META,529.0349,648
2026-01-02T09:31:43,GOOGL,385.8755,225
2026-01-02T09:31:43,SPY,782.0883,143
2026-01-02T09:31:43,QQQ,673.2318,816
2026-01-02T09:31:44,AAPL,286.8117,544
2026-01-02T09:31:44,MSFT,376.2189,742
2026-01-02T09:31:44,NVDA,194.3335,847
2026-01-02T09:31:44,TSLA,253.8393,804
2026-01-02T09:31:44,AMD,166.0141,440
2026-01-02T09:31:44,AMZN,271.2842,449
2026-01-02T09:31:44,META,528.4829,675
2026-01-02T09:31:44,GOOGL,386.5810,342
2026-01-02T09:31:44,SPY,782.1853,600
2026-01-02T09:31:44,QQQ,674.0235,659
2026-01-02T09:31:45,AAPL,287.1885,618
2026-01-02T09:31:45,MSFT,376.5856,359
2026-01-02T09:31:45,NVDA,194.4575,706
2026-01-02T09:31:45,TSLA,253.9053,506
2026-01-02T09:31:45,AMD,165.9360,462
2026-01-02T09:31:45,AMZN,270.8439,479
2026-01-02T09:31:45,META,528.4840,192
2026-01-02T09:31:45,GOOGL,386.3194,183
2026-01-02T09:31:45,SPY,782.7757,464
2026-01-02T09:31:45,QQQ,675.0803,206
2026-01-02T09:31:46,AAPL,287.2005,658
2026-01-02T09:31:46,MSFT,376.1130,248
2026-01-02T09:31:46,NVDA,194.2230,324
2026-01-02T09:31:46,TSLA,254.2179,466
2026-01-02T09:31:46,AMD,165.9510,586
2026-01-02T09:31:46,AMZN,270.6386,408
2026-01-02T09:31:46,META,529.0253,301
2026-01-02T09:31:46,GOOGL,385.9563,502
2026-01-02T09:31:46,SPY,781.2488,859
2026-01-02T09:31:46,QQQ,673.7989,499
2026-01-02T09:31:47,AAPL,286.5524,694
2026-01-02T09:31:47,MSFT,376.1000,308
2026-01-02T09:31:47,NVDA,194.6616,725
2026-01-02T09:31:47,TSLA,254.1268,456
2026-01-02T09:31:47,AMD,165.6734,193
2026-01-02T09:31:47,AMZN,270.8332,828
2026-01-02T09:31:47,META,528.2253,823
2026-01-02T09:31:47,GOOGL,386.2116,137
2026-01-02T09:31:47,SPY,781.7813,491
2026-01-02T09:31:47,QQQ,673.4627,672
2026-01-02T09:31:48,AAPL,286.6814,560
2026-01-02T09:31:48,MSFT,376.7583,109
2026-01-02T09:31:48,NVDA,194.5625,886
2026-01-02T09:31:48,TSLA,253.8960,251
2026-01-02T09:31:48,AMD,165.7267,615
2026-01-02T09:31:48,AMZN,270.6189,348
2026-01-02T09:31:48,META,527.9610,282
2026-01-02T09:31:48,GOOGL,386.2738,707
2026-01-02T09:31:48,SPY,783.0452,494
2026-01-02T09:31:48,QQQ,674.3106,231
2026-01-02T09:31:49,AAPL,286.4356,427
2026-01-02T09:31:49,MSFT,375.6960,486
2026-01-02T09:31:49,NVDA,194.5784,601
2026-01-02T09:31:49,TSLA,253.7904,881
2026-01-02T09:31:49,AMD,165.9063,133
2026-01-02T09:31:49,AMZN,271.1871,613
2026-01-02T09:31:49,META,527.8664,773
2026-01-02T09:31:49,GOOGL,386.4990,598
2026-01-02T09:31:49,SPY,782.8775,667
2026-01-02T09:31:49,QQQ,674.2469,161
2026-01-02T09:31:50,AAPL,286.5434,428
2026-01-02T09:31:50,MSFT,375.8577,351
2026-01-02T09:31:50,NVDA,194.3402,149
2026-01-02T09:31:50,TSLA,253.6564,147
2026-01-02T09:31:50,AMD,165.8615,592
2026-01-02T09:31:50,AMZN,270.7955,669
2026-01-02T09:31:50,META,528.8637,742
2026-01-02T09:31:50,GOOGL,385.6727,214
2026-01-02T09:31:50,SPY,783.4887,261
2026-01-02T09:31:50,QQQ,674.4588,555
2026-01-02T09:31:51,AAPL,286.6713,492
2026-01-02T09:31:51,MSFT,376.1094,700
2026-01-02T09:31:51,NVDA,194.2726,551
2026-01-02T09:31:51,TSLA,253.7273,860
2026-01-02T09:31:51,AMD,166.0289,343
2026-01-02T09:31:51,AMZN,270.7582,520
2026-01-02T09:31:51,META,527.9243,291
2026-01-02T09:31:51,GOOGL,385.8092,179
2026-01-02T09:31:51,SPY,782.1367,823
2026-01-02T09:31:51,QQQ,673.5311,682
2026-01-02T09:31:52,AAPL,287.0507,345
2026-01-02T09:31:52,MSFT,375.7029,280
2026-01-02T09:31:52,NVDA,194.5018,326
2026-01-02T09:31:52,TSLA,253.8029,440
2026-01-02T09:31:52,AMD,165.9181,501
2026-01-02T09:31:52,AMZN,270.5893,157
2026-01-02T09:31:52,META,529.0756,694
2026-01-02T09:31:52,GOOGL,386.4661,649
2026-01-02T09:31:52,SPY,781.8773,614
2026-01-02T09:31:52,QQQ,674.1031,562
2026-01-02T09:31:53,AAPL,287.2019,470
2026-01-02T09:31:53,MSFT,375.8684,121
2026-01-02T09:31:53,NVDA,194.3835,709
2026-01-02T09:31:53,TSLA,253.7298,622
2026-01-02T09:31:53,AMD,165.7393,690
2026-01-02T09:31:53,AMZN,270.4913,858
2026-01-02T09:31:53,META,528.2556,200
2026-01-02T09:31:53,GOOGL,385.8005,477
2026-01-02T09:31:53,SPY,783.2872,334
2026-01-02T09:31:53,QQQ,674.2617,609
2026-01-02T09:31:54,AAPL,287.1946,447
2026-01-02T09:31:54,MSFT,375.7727,255
2026-01-02T09:31:54,NVDA,194.3908,419
2026-01-02T09:31:54,TSLA,253.7959,683
2026-01-02T09:31:54,AMD,165.7803,805
2026-01-02T09:31:54,AMZN,271.0991,637
2026-01-02T09:31:54,META,528.6691,340
2026-01-02T09:31:54,GOOGL,386.8125,307
2026-01-02T09:31:54,SPY,782.1087,461
2026-01-02T09:31:54,QQQ,673.4968,190
2026-01-02T09:31:55,AAPL,286.5834,846
2026-01-02T09:31:55,MSFT,375.9794,258
2026-01-02T09:31:55,NVDA,194.5173,116
2026-01-02T09:31:55,TSLA,254.2067,99
2026-01-02T09:31:55,AMD,166.0378,746
2026-01-02T09:31:55,AMZN,270.9020,477
2026-01-02T09:31:55,META,529.0747,747
2026-01-02T09:31:55,GOOGL,385.9840,455
2026-01-02T09:31:55,SPY,781.4592,363
2026-01-02T09:31:55,QQQ,674.1742,735
2026-01-02T09:31:56,AAPL,286.8934,845
2026-01-02T09:31:56,MSFT,376.4376,234
2026-01-02T09:31:56,NVDA,194.2761,610
2026-01-02T09:31:56,TSLA,253.9490,595
2026-01-02T09:31:56,AMD,165.7194,234
2026-01-02T09:31:56,AMZN,270.7558,644
2026-01-02T09:31:56,META,528.0934,258
2026-01-02T09:31:56,GOOGL,386.7822,405
2026-01-02T09:31:56,SPY,782.5755,193
2026-01-02T09:31:56,QQQ,674.7475,565
2026-01-02T09:31:57,AAPL,286.7952,472
2026-01-02T09:31:57,MSFT,376.4672,628
2026-01-02T09:31:57,NVDA,194.2426,743
2026-01-02T09:31:57,TSLA,254.0836,428
2026-01-02T09:31:57,AMD,166.0715,403
2026-01-02T09:31:57,AMZN,270.9570,408
2026-01-02T09:31:57,META,527.7366,861
2026-01-02T09:31:57,GOOGL,386.2765,577
2026-01-02T09:31:57,SPY,782.4058,802
2026-01-02T09:31:57,QQQ,674.7217,583
2026-01-02T09:31:58,AAPL,286.5964,889
2026-01-02T09:31:58,MSFT,376.4223,882
2026-01-02T09:31:58,NVDA,194.5541,360
2026-01-02T09:31:58,TSLA,253.9513,433
2026-01-02T09:31:58,AMD,166.0601,607
2026-01-02T09:31:58,AMZN,271.2152,502
2026-01-02T09:31:58,META,528.8779,327
2026-01-02T09:31:58,GOOGL,386.1156,365
2026-01-02T09:31:58,SPY,781.5464,230
2026-01-02T09:31:58,QQQ,674.9940,422
2026-01-02T09:31:59,AAPL,286.5521,856
2026-01-02T09:31:59,MSFT,375.6066,718
2026-01-02T09:31:59,NVDA,194.4141,599
2026-01-02T09:31:59,TSLA,253.6831,171
2026-01-02T09:31:59,AMD,165.6819,303
2026-01-02T09:31:59,AMZN,270.9522,861
2026-01-02T09:31:59,META,527.6384,290
2026-01-02T09:31:59,GOOGL,385.9652,206
2026-01-02T09:31:59,SPY,781.5525,258
2026-01-02T09:31:59,QQQ,674.3560,843
2026-01-02T09:31:00,AAPL,286.7878,642
2026-01-02T09:31:00,MSFT,375.9368,229
2026-01-02T09:31:00,NVDA,194.1928,695
2026-01-02T09:31:00,TSLA,253.6232,198
2026-01-02T09:31:00,AMD,165.8778,649
2026-01-02T09:31:00,AMZN,270.6291,332
2026-01-02T09:31:00,META,528.7702,264
2026-01-02T09:31:00,GOOGL,386.3979,529
2026-01-02T09:31:00,SPY,783.1123,128
2026-01-02T09:31:00,QQQ,675.1105,620
2026-01-02T09:31:01,AAPL,286.5304,718
2026-01-02T09:31:01,MSFT,376.2645,574
2026-01-02T09:31:01,NVDA,194.1318,586
2026-01-02T09:31:01,TSLA,253.7625,525
2026-01-02T09:31:01,AMD,165.6766,440
2026-01-02T09:31:01,AMZN,270.4041,343
2026-01-02T09:31:01,META,527.8696,362
2026-01-02T09:31:01,GOOGL,386.7429,803
2026-01-02T09:31:01,SPY,781.9275,371
2026-01-02T09:31:01,QQQ,674.3695,562
2026-01-02T09:31:02,AAPL,286.7164,226
2026-01-02T09:31:02,MSFT,375.9341,603
2026-01-02T09:31:02,NVDA,194.1855,249
2026-01-02T09:31:02,TSLA,254.0962,387
2026-01-02T09:31:02,AMD,165.6872,807
2026-01-02T09:31:02,AMZN,271.1807,330
2026-01-02T09:31:02,META,528.9097,533
2026-01-02T09:31:02,GOOGL,386.5903,786
2026-01-02T09:31:02,SPY,782.0194,738
2026-01-02T09:31:02,QQQ,674.4319,96
2026-01-02T09:31:03,AAPL,286.3309,419
2026-01-02T09:31:03,MSFT,376.4260,479
2026-01-02T09:31:03,NVDA,194.5371,397
2026-01-02T09:31:03,TSLA,253.5696,494
2026-01-02T09:31:03,AMD,165.7487,206
2026-01-02T09:31:03,AMZN,270.7292,869
2026-01-02T09:31:03,META,528.3941,528
2026-01-02T09:31:03,GOOGL,386.5541,803
2026-01-02T09:31:03,SPY,782.6252,256
2026-01-02T09:31:03,QQQ,674.0981,185
2026-01-02T09:31:04,AAPL,287.0662,246
2026-01-02T09:31:04,MSFT,376.3645,464
2026-01-02T09:31:04,NVDA,194.2505,343
2026-01-02T09:31:04,TSLA,253.9379,744
2026-01-02T09:31:04,AMD,165.9814,238
2026-01-02T09:31:04,AMZN,270.6709,237
2026-01-02T09:31:04,META,528.8266,266
2026-01-02T09:31:04,GOOGL,385.9611,759
2026-01-02T09:31:04,SPY,782.0069,462
2026-01-02T09:31:04,QQQ,674.6708,123
2026-01-02T09:31:05,AAPL,286.3584,324
2026-01-02T09:31:05,MSFT,376.3317,447
2026-01-02T09:31:05,NVDA,194.2876,536
2026-01-02T09:31:05,TSLA,253.9794,670
2026-01-02T09:31:05,AMD,166.0894,269
2026-01-02T09:31:05,AMZN,270.8692,98
2026-01-02T09:31:05,META,527.4685,897
2026-01-02T09:31:05,GOOGL,386.6044,565
2026-01-02T09:31:05,SPY,781.9136,394
2026-01-02T09:31:05,QQQ,675.2998,836
2026-01-02T09:31:06,AAPL,286.4498,536
2026-01-02T09:31:06,MSFT,375.9223,167
2026-01-02T09:31:06,NVDA,194.5883,718
2026-01-02T09:31:06,TSLA,253.5069,540
2026-01-02T09:31:06,AMD,166.0754,387
2026-01-02T09:31:06,AMZN,270.5218,815
2026-01-02T09:31:06,META,527.8163,263
2026-01-02T09:31:06,GOOGL,386.4170,766
2026-01-02T09:31:06,SPY,781.8611,85
2026-01-02T09:31:06,QQQ,673.9762,507
2026-01-02T09:31:07,AAPL,286.3659,593
2026-01-02T09:31:07,MSFT,375.7478,430
2026-01-02T09:31:07,NVDA,194.5382,888
2026-01-02T09:31:07,TSLA,253.5307,675
2026-01-02T09:31:07,AMD,166.0874,327
2026-01-02T09:31:07,AMZN,270.9924,706
2026-01-02T09:31:07,META,528.1100,306
2026-01-02T09:31:07,GOOGL,385.9011,752
2026-01-02T09:31:07,SPY,783.4226,215
2026-01-02T09:31:07,QQQ,675.1339,81
2026-01-02T09:31:08,AAPL,286.8833,293
2026-01-02T09:31:08,MSFT,375.7618,357
2026-01-02T09:31:08,NVDA,194.5307,341
2026-01-02T09:31:08,TSLA,254.1223,832
2026-01-02T09:31:08,AMD,166.0963,893
2026-01-02T09:31:08,AMZN,270.8586,198
2026-01-02T09:31:08,META,528.0969,578
2026-01-02T09:31:08,GOOGL,386.6526,866
2026-01-02T09:31:08,SPY,782.9833,555
2026-01-02T09:31:08,QQQ,675.5068,793
2026-01-02T09:31:09,AAPL,286.9279,643
2026-01-02T09:31:09,MSFT,376.0925,249
2026-01-02T09:31:09,NVDA,194.5986,102
2026-01-02T09:31:09,TSLA,253.4842,818
2026-01-02T09:31:09,AMD,165.9017,427
2026-01-02T09:31:09,AMZN,270.4679,639
2026-01-02T09:31:09,META,528.2720,465
2026-01-02T09:31:09,GOOGL,386.2019,325
2026-01-02T09:31:09,SPY,782.6729,294
2026-01-02T09:31:09,QQQ,674.5642,695
2026-01-02T09:31:10,AAPL,286.6784,573
2026-01-02T09:31:10,MSFT,375.8014,465
2026-01-02T09:31:10,NVDA,194.1440,811
2026-01-02T09:31:10,TSLA,253.8086,605
2026-01-02T09:31:10,AMD,166.1008,860
2026-01-02T09:31:10,AMZN,270.4827,247
2026-01-02T09:31:10,META,528.4376,705
2026-01-02T09:31:10,GOOGL,387.0287,226
2026-01-02T09:31:10,SPY,783.2940,414
2026-01-02T09:31:10,QQQ,675.7596,497
2026-01-02T09:31:11,AAPL,286.4473,755
2026-01-02T09:31:11,MSFT,376.4588,206
2026-01-02T09:31:11,NVDA,194.5362,769
2026-01-02T09:31:11,TSLA,253.4362,363
2026-01-02T09:31:11,AMD,166.1544,464
2026-01-02T09:31:11,AMZN,270.7261,469
2026-01-02T09:31:11,META,527.6352,613
2026-01-02T09:31:11,GOOGL,386.9860,125
2026-01-02T09:31:11,SPY,783.0147,556
2026-01-02T09:31:11,QQQ,674.5858,668
2026-01-02T09:31:12,AAPL,286.8339,689
2026-01-02T09:31:12,MSFT,376.3736,737
2026-01-02T09:31:12,NVDA,194.3918,341
2026-01-02T09:31:12,TSLA,253.7146,244
2026-01-02T09:31:12,AMD,165.9881,709
2026-01-02T09:31:12,AMZN,270.3625,268
2026-01-02T09:31:12,META,528.5277,421
2026-01-02T09:31:12,GOOGL,386.6312,638
2026-01-02T09:31:12,SPY,783.1850,259
2026-01-02T09:31:12,QQQ,674.5718,484
2026-01-02T09:31:13,AAPL,286.3174,183
2026-01-02T09:31:13,MSFT,375.5429,703
2026-01-02T09:31:13,NVDA,194.5418,835
2026-01-02T09:31:13,TSLA,253.7527,818
2026-01-02T09:31:13,AMD,166.0021,869
2026-01-02T09:31:13,AMZN,270.8822,586
2026-01-02T09:31:13,META,528.2034,752
2026-01-02T09:31:13,GOOGL,386.1013,345
2026-01-02T09:31:13,SPY,782.9478,449
2026-01-02T09:31:13,QQQ,675.1002,483
2026-01-02T09:31:14,AAPL,286.8380,639
2026-01-02T09:31:14,MSFT,376.1093,697
2026-01-02T09:31:14,NVDA,194.1424,108
2026-01-02T09:31:14,TSLA,253.4887,609
2026-01-02T09:31:14,AMD,165.8470,507
2026-01-02T09:31:14,AMZN,270.4919,810
2026-01-02T09:31:14,META,527.7592,854
2026-01-02T09:31:14,GOOGL,386.9525,89
2026-01-02T09:31:14,SPY,783.2952,122
2026-01-02T09:31:14,QQQ,674.0527,482
2026-01-02T09:31:15,AAPL,286.3640,793
2026-01-02T09:31:15,MSFT,376.2137,284
2026-01-02T09:31:15,NVDA,194.2586,354
2026-01-02T09:31:15,TSLA,253.7514,344
2026-01-02T09:31:15,AMD,166.0812,294
2026-01-02T09:31:15,AMZN,270.3179,83
2026-01-02T09:31:15,META,527.6986,367
2026-01-02T09:31:15,GOOGL,386.4271,535
2026-01-02T09:31:15,SPY,784.0577,568
2026-01-02T09:31:15,QQQ,674.8313,503
2026-01-02T09:31:16,AAPL,286.1605,393
2026-01-02T09:31:16,MSFT,376.0605,793
2026-01-02T09:31:16,NVDA,194.2345,217
2026-01-02T09:31:16,TSLA,253.4295,187
2026-01-02T09:31:16,AMD,165.9186,326
2026-01-02T09:31:16,AMZN,270.4235,251
2026-01-02T09:31:16,META,528.4384,747
2026-01-02T09:31:16,GOOGL,387.1481,458
2026-01-02T09:31:16,SPY,784.1624,355
2026-01-02T09:31:16,QQQ,675.0673,454
2026-01-02T09:31:17,AAPL,286.9387,207
2026-01-02T09:31:17,MSFT,375.5819,420
2026-01-02T09:31:17,NVDA,194.0070,192
2026-01-02T09:31:17,TSLA,253.9717,94
2026-01-02T09:31:17,AMD,166.1150,774
2026-01-02T09:31:17,AMZN,270.6468,213
2026-01-02T09:31:17,META,528.3705,93
2026-01-02T09:31:17,GOOGL,386.4435,548
2026-01-02T09:31:17,SPY,782.0481,609
2026-01-02T09:31:17,QQQ,675.4540,115
2026-01-02T09:31:18,AAPL,286.5720,574
2026-01-02T09:31:18,MSFT,375.9429,103
2026-01-02T09:31:18,NVDA,194.1367,727
2026-01-02T09:31:18,TSLA,253.6399,325
2026-01-02T09:31:18,AMD,165.9967,88
2026-01-02T09:31:18,AMZN,270.2620,640
2026-01-02T09:31:18,META,528.3341,617
2026-01-02T09:31:18,GOOGL,386.1378,720
2026-01-02T09:31:18,SPY,784.2661,597
2026-01-02T09:31:18,QQQ,674.3081,206
2026-01-02T09:31:19,AAPL,286.9058,724
2026-01-02T09:31:19,MSFT,376.2030,421
2026-01-02T09:31:19,NVDA,194.3052,805
2026-01-02T09:31:19,TSLA,253.5839,698
2026-01-02T09:31:19,AMD,165.9961,730
2026-01-02T09:31:19,AMZN,270.7095,383
2026-01-02T09:31:19,META,527.6683,576
2026-01-02T09:31:19,GOOGL,386.1115,87
2026-01-02T09:31:19,SPY,782.9102,615
2026-01-02T09:31:19,QQQ,675.2062,662
2026-01-02T09:31:20,AAPL,286.4447,674
2026-01-02T09:31:20,MSFT,376.1395,248
2026-01-02T09:31:20,NVDA,194.4412,828
2026-01-02T09:31:20,TSLA,253.7984,844
2026-01-02T09:31:20,AMD,166.2208,836
2026-01-02T09:31:20,AMZN,270.7668,153
2026-01-02T09:31:20,META,527.3523,604
2026-01-02T09:31:20,GOOGL,386.8659,634
2026-01-02T09:31:20,SPY,782.2549,132
2026-01-02T09:31:20,QQQ,674.6230,594
2026-01-02T09:31:21,AAPL,286.4425,166
2026-01-02T09:31:21,MSFT,376.3301,892
2026-01-02T09:31:21,NVDA,194.4495,250
2026-01-02T09:31:21,TSLA,253.7386,454
2026-01-02T09:31:21,AMD,166.0719,575
2026-01-02T09:31:21,AMZN,270.5188,249
2026-01-02T09:31:21,META,528.0668,819
2026-01-02T09:31:21,GOOGL,386.1986,209
2026-01-02T09:31:21,SPY,783.8328,425
2026-01-02T09:31:21,QQQ,674.2408,647
2026-01-02T09:31:22,AAPL,286.4160,105
2026-01-02T09:31:22,MSFT,375.7380,702
2026-01-02T09:31:22,NVDA,194.4078,398
2026-01-02T09:31:22,TSLA,253.9700,383
2026-01-02T09:31:22,AMD,166.0442,430
2026-01-02T09:31:22,AMZN,270.6639,260
2026-01-02T09:31:22,META,527.5382,244
2026-01-02T09:31:22,GOOGL,386.6868,384
2026-01-02T09:31:22,SPY,782.1216,830
2026-01-02T09:31:22,QQQ,674.6220,295
2026-01-02T09:31:23,AAPL,286.5250,610
2026-01-02T09:31:23,MSFT,375.8045,788
2026-01-02T09:31:23,NVDA,194.2682,464
2026-01-02T09:31:23,TSLA,253.7092,578
2026-01-02T09:31:23,AMD,165.8514,175
2026-01-02T09:31:23,AMZN,270.6340,483
2026-01-02T09:31:23,META,528.1360,851
2026-01-02T09:31:23,GOOGL,386.3831,465
2026-01-02T09:31:23,SPY,784.2448,822
2026-01-02T09:31:23,QQQ,675.2059,779
2026-01-02T09:31:24,AAPL,286.5233,306
2026-01-02T09:31:24,MSFT,376.2186,400
2026-01-02T09:31:24,NVDA,194.2132,647
2026-01-02T09:31:24,TSLA,253.7144,136
2026-01-02T09:31:24,AMD,166.0414,655
2026-01-02T09:31:24,AMZN,270.5096,521
2026-01-02T09:31:24,META,528.2130,472
2026-01-02T09:31:24,GOOGL,387.0524,309
2026-01-02T09:31:24,SPY,782.4024,607
2026-01-02T09:31:24,QQQ,675.0701,542
2026-01-02T09:31:25,AAPL,286.2137,223
2026-01-02T09:31:25,MSFT,375.7364,519
2026-01-02T09:31:25,NVDA,194.2714,270
2026-01-02T09:31:25,TSLA,253.7560,432
2026-01-02T09:31:25,AMD,165.7929,898
2026-01-02T09:31:25,AMZN,270.5259,881
2026-01-02T09:31:25,META,528.1362,266
2026-01-02T09:31:25,GOOGL,386.9593,225
2026-01-02T09:31:25,SPY,782.9542,502
2026-01-02T09:31:25,QQQ,674.6133,529
2026-01-02T09:31:26,AAPL,286.4413,214
2026-01-02T09:31:26,MSFT,375.8045,368
2026-01-02T09:31:26,NVDA,194.0260,844
2026-01-02T09:31:26,TSLA,253.8012,503
2026-01-02T09:31:26,AMD,166.1548,582
2026-01-02T09:31:26,AMZN,270.3170,98
2026-01-02T09:31:26,META,527.2825,823
2026-01-02T09:31:26,GOOGL,387.2168,783
2026-01-02T09:31:26,SPY,783.6076,666
2026-01-02T09:31:26,QQQ,675.9347,369
2026-01-02T09:31:27,AAPL,286.0796,371
2026-01-02T09:31:27,MSFT,375.3692,81
2026-01-02T09:31:27,NVDA,194.3122,329
2026-01-02T09:31:27,TSLA,253.6625,799
2026-01-02T09:31:27,AMD,166.1009,331
2026-01-02T09:31:27,AMZN,270.5148,455
2026-01-02T09:31:27,META,528.4297,415
2026-01-02T09:31:27,GOOGL,386.2829,789
2026-01-02T09:31:27,SPY,784.5363,103
2026-01-02T09:31:27,QQQ,675.4943,630
2026-01-02T09:31:28,AAPL,286.5572,438
2026-01-02T09:31:28,MSFT,375.5126,692
2026-01-02T09:31:28,NVDA,194.1678,322
2026-01-02T09:31:28,TSLA,253.7447,346
2026-01-02T09:31:28,AMD,165.8733,492
2026-01-02T09:31:28,AMZN,270.4353,889
2026-01-02T09:31:28,META,528.0477,371
2026-01-02T09:31:28,GOOGL,386.4526,508
2026-01-02T09:31:28,SPY,783.0385,415
2026-01-02T09:31:28,QQQ,674.5794,344
2026-01-02T09:31:29,AAPL,286.4908,662
2026-01-02T09:31:29,MSFT,375.9907,187
2026-01-02T09:31:29,NVDA,194.0103,780
2026-01-02T09:31:29,TSLA,253.6508,372
2026-01-02T09:31:29,AMD,165.8654,319
2026-01-02T09:31:29,AMZN,270.8441,375
2026-01-02T09:31:29,META,527.4910,109
2026-01-02T09:31:29,GOOGL,386.2349,823
2026-01-02T09:31:29,SPY,784.1757,506
2026-01-02T09:31:29,QQQ,674.7456,739
2026-01-02T09:31:30,AAPL,286.7459,234
2026-01-02T09:31:30,MSFT,375.5394,850
2026-01-02T09:31:30,NVDA,194.3200,506
2026-01-02T09:31:30,TSLA,253.8904,892
2026-01-02T09:31:30,AMD,166.1281,727
2026-01-02T09:31:30,AMZN,270.5595,863
2026-01-02T09:31:30,META,527.8587,272
2026-01-02T09:31:30,GOOGL,386.2419,353
2026-01-02T09:31:30,SPY,782.4398,197
2026-01-02T09:31:30,QQQ,674.5587,339
2026-01-02T09:31:31,AAPL,286.6049,889
2026-01-02T09:31:31,MSFT,376.2295,454
2026-01-02T09:31:31,NVDA,194.2015,434
2026-01-02T09:31:31,TSLA,253.4613,790
2026-01-02T09:31:31,AMD,165.8049,225
2026-01-02T09:31:31,AMZN,270.2954,148
2026-01-02T09:31:31,META,528.3664,846
2026-01-02T09:31:31,GOOGL,387.3164,190
2026-01-02T09:31:31,SPY,782.6906,551
2026-01-02T09:31:31,QQQ,675.9132,747
2026-01-02T09:31:32,AAPL,286.5100,670
2026-01-02T09:31:32,MSFT,375.7563,213
2026-01-02T09:31:32,NVDA,193.9145,564
2026-01-02T09:31:32,TSLA,253.2293,134
2026-01-02T09:31:32,AMD,165.8517,876
2026-01-02T09:31:32,AMZN,270.2486,599
2026-01-02T09:31:32,META,528.0658,125
2026-01-02T09:31:32,GOOGL,387.0270,457
2026-01-02T09:31:32,SPY,783.8267,302
2026-01-02T09:31:32,QQQ,676.2828,887
2026-01-02T09:31:33,AAPL,286.7909,155
2026-01-02T09:31:33,MSFT,375.3741,171
2026-01-02T09:31:33,NVDA,194.2958,166
2026-01-02T09:31:33,TSLA,253.2817,229
2026-01-02T09:31:33,AMD,165.9248,205
2026-01-02T09:31:33,AMZN,270.5980,367
2026-01-02T09:31:33,META,528.3980,672
2026-01-02T09:31:33,GOOGL,387.1502,505
2026-01-02T09:31:33,SPY,782.8121,233
2026-01-02T09:31:33,QQQ,675.7809,539
2026-01-02T09:31:34,AAPL,286.1815,650
2026-01-02T09:31:34,MSFT,375.3477,271
2026-01-02T09:31:34,NVDA,194.0135,702
2026-01-02T09:31:34,TSLA,253.2410,363
2026-01-02T09:31:34,AMD,165.9486,549
2026-01-02T09:31:34,AMZN,270.6043,291
2026-01-02T09:31:34,META,527.0588,174
2026-01-02T09:31:34,GOOGL,386.8991,785
2026-01-02T09:31:34,SPY,784.0513,255
2026-01-02T09:31:34,QQQ,675.3152,446
2026-01-02T09:31:35,AAPL,285.9402,376
2026-01-02T09:31:35,MSFT,375.8684,354
2026-01-02T09:31:35,NVDA,194.0452,196
2026-01-02T09:31:35,TSLA,253.3390,814
2026-01-02T09:31:35,AMD,166.2543,311
2026-01-02T09:31:35,AMZN,270.6873,412
2026-01-02T09:31:35,META,527.4111,225
2026-01-02T09:31:35,GOOGL,386.8103,222
2026-01-02T09:31:35,SPY,782.6045,193
2026-01-02T09:31:35,QQQ,675.6261,223
2026-01-02T09:31:36,AAPL,286.4753,110
2026-01-02T09:31:36,MSFT,376.0611,640
2026-01-02T09:31:36,NVDA,193.9079,191
2026-01-02T09:31:36,TSLA,253.7487,160
2026-01-02T09:31:36,AMD,166.3108,873
2026-01-02T09:31:36,AMZN,270.1090,578
2026-01-02T09:31:36,META,527.0542,608
2026-01-02T09:31:36,GOOGL,386.9976,185
2026-01-02T09:31:36,SPY,783.0554,447
2026-01-02T09:31:36,QQQ,675.4185,831
2026-01-02T09:31:37,AAPL,286.7711,483
2026-01-02T09:31:37,MSFT,375.2287,236
2026-01-02T09:31:37,NVDA,194.1370,103
2026-01-02T09:31:37,TSLA,253.3057,709
2026-01-02T09:31:37,AMD,166.2432,121
2026-01-02T09:31:37,AMZN,270.0582,886
2026-01-02T09:31:37,META,527.2938,112
2026-01-02T09:31:37,GOOGL,386.5039,645
2026-01-02T09:31:37,SPY,784.2916,343
2026-01-02T09:31:37,QQQ,675.5373,341
2026-01-02T09:31:38,AAPL,286.0924,610
2026-01-02T09:31:38,MSFT,375.8737,822
2026-01-02T09:31:38,NVDA,194.1919,877
2026-01-02T09:31:38,TSLA,253.1516,430
2026-01-02T09:31:38,AMD,165.8635,796
2026-01-02T09:31:38,AMZN,270.3567,96
2026-01-02T09:31:38,META,527.7629,780
2026-01-02T09:31:38,GOOGL,386.8645,215
2026-01-02T09:31:38,SPY,784.4263,115
2026-01-02T09:31:38,QQQ,675.4835,580
2026-01-02T09:31:39,AAPL,286.0054,110
2026-01-02T09:31:39,MSFT,375.9598,468
2026-01-02T09:31:39,NVDA,194.2375,643
2026-01-02T09:31:39,TSLA,253.6916,712
2026-01-02T09:31:39,AMD,166.0905,819
2026-01-02T09:31:39,AMZN,270.3591,712
2026-01-02T09:31:39,META,528.1376,174
2026-01-02T09:31:39,GOOGL,386.9812,610
2026-01-02T09:31:39,SPY,783.9924,487
2026-01-02T09:31:39,QQQ,674.9705,620
2026-01-02T09:31:40,AAPL,286.0793,285
2026-01-02T09:31:40,MSFT,375.3044,489
2026-01-02T09:31:40,NVDA,193.9552,884
2026-01-02T09:31:40,TSLA,253.2467,580
2026-01-02T09:31:40,AMD,166.3368,764
2026-01-02T09:31:40,AMZN,270.6794,375
2026-01-02T09:31:40,META,527.5911,83
2026-01-02T09:31:40,GOOGL,386.5429,896
2026-01-02T09:31:40,SPY,783.4926,351
2026-01-02T09:31:40,QQQ,676.5091,603
2026-01-02T09:31:41,AAPL,286.5776,320
2026-01-02T09:31:41,MSFT,375.6109,102
2026-01-02T09:31:41,NVDA,194.1993,231
2026-01-02T09:31:41,TSLA,253.6190,774
2026-01-02T09:31:41,AMD,166.2897,809
2026-01-02T09:31:41,AMZN,270.0993,843
2026-01-02T09:31:41,META,527.2581,276
2026-01-02T09:31:41,GOOGL,386.8140,269
2026-01-02T09:31:41,SPY,784.7884,324
2026-01-02T09:31:41,QQQ,675.3264,766
2026-01-02T09:31:42,AAPL,286.4385,93
2026-01-02T09:31:42,MSFT,375.5618,615
2026-01-02T09:31:42,NVDA,193.9569,176
2026-01-02T09:31:42,TSLA,253.6669,700
2026-01-02T09:31:42,AMD,166.1954,819
2026-01-02T09:31:42,AMZN,270.2860,697
2026-01-02T09:31:42,META,527.1942,299
2026-01-02T09:31:42,GOOGL,386.7723,364
2026-01-02T09:31:42,SPY,783.6917,768
2026-01-02T09:31:42,QQQ,674.7135,495
2026-01-02T09:31:43,AAPL,286.1740,363
2026-01-02T09:31:43,MSFT,375.4871,713
2026-01-02T09:31:43,NVDA,194.0625,697
2026-01-02T09:31:43,TSLA,253.7743,714
2026-01-02T09:31:43,AMD,166.0927,565
2026-01-02T09:31:43,AMZN,270.2652,792
2026-01-02T09:31:43,META,527.3089,865
2026-01-02T09:31:43,GOOGL,387.1717,249
2026-01-02T09:31:43,SPY,783.5387,258
2026-01-02T09:31:43,QQQ,674.9266,730
2026-01-02T09:31:44,AAPL,286.0541,462
2026-01-02T09:31:44,MSFT,375.1114,508
2026-01-02T09:31:44,NVDA,193.9604,475
2026-01-02T09:31:44,TSLA,253.1253,124
2026-01-02T09:31:44,AMD,165.9209,559
2026-01-02T09:31:44,AMZN,270.0725,669
2026-01-02T09:31:44,META,526.8722,806
2026-01-02T09:31:44,GOOGL,387.3033,94
2026-01-02T09:31:44,SPY,784.1529,834
2026-01-02T09:31:44,QQQ,675.6510,642
2026-01-02T09:31:45,AAPL,286.5015,877
2026-01-02T09:31:45,MSFT,375.2440,402
2026-01-02T09:31:45,NVDA,194.2253,679
2026-01-02T09:31:45,TSLA,253.1903,411
2026-01-02T09:31:45,AMD,166.0591,278
2026-01-02T09:31:45,AMZN,269.9861,316
2026-01-02T09:31:45,META,527.4648,777
2026-01-02T09:31:45,GOOGL,387.0984,810
2026-01-02T09:31:45,SPY,783.0213,655
2026-01-02T09:31:45,QQQ,675.2318,839
2026-01-02T09:31:46,AAPL,285.8279,372
2026-01-02T09:31:46,MSFT,375.0217,428
2026-01-02T09:31:46,NVDA,194.1749,638
2026-01-02T09:31:46,TSLA,253.5746,682
2026-01-02T09:31:46,AMD,166.0703,859
2026-01-02T09:31:46,AMZN,270.2871,815
2026-01-02T09:31:46,META,526.8397,182
2026-01-02T09:31:46,GOOGL,387.0425,221
2026-01-02T09:31:46,SPY,783.9733,454
2026-01-02T09:31:46,QQQ,674.7171,522
2026-01-02T09:31:47,AAPL,286.2231,213
2026-01-02T09:31:47,MSFT,375.7529,640
2026-01-02T09:31:47,NVDA,193.9373,347
2026-01-02T09:31:47,TSLA,253.2123,770
2026-01-02T09:31:47,AMD,165.9491,318
2026-01-02T09:31:47,AMZN,270.1070,773
2026-01-02T09:31:47,META,526.6069,674
2026-01-02T09:31:47,GOOGL,387.3110,502
2026-01-02T09:31:47,SPY,783.5506,893
2026-01-02T09:31:47,QQQ,675.3379,523
2026-01-02T09:31:48,AAPL,286.5855,266
2026-01-02T09:31:48,MSFT,374.9171,566
2026-01-02T09:31:48,NVDA,194.2660,143
2026-01-02T09:31:48,TSLA,253.4531,742
2026-01-02T09:31:48,AMD,166.1352,763
2026-01-02T09:31:48,AMZN,270.4584,339
2026-01-02T09:31:48,META,526.5887,577
2026-01-02T09:31:48,GOOGL,386.5802,311
2026-01-02T09:31:48,SPY,785.0934,211
2026-01-02T09:31:48,QQQ,675.9780,426
2026-01-02T09:31:49,AAPL,285.8424,594
2026-01-02T09:31:49,MSFT,374.9089,743
2026-01-02T09:31:49,NVDA,194.2520,270
2026-01-02T09:31:49,TSLA,253.4431,571
2026-01-02T09:31:49,AMD,165.9839,419
2026-01-02T09:31:49,AMZN,270.1268,692
2026-01-02T09:31:49,META,526.6336,291
2026-01-02T09:31:49,GOOGL,386.8820,721
2026-01-02T09:31:49,SPY,785.0639,827
2026-01-02T09:31:49,QQQ,675.4959,530
2026-01-02T09:31:50,AAPL,286.1415,437
2026-01-02T09:31:50,MSFT,375.5240,144
2026-01-02T09:31:50,NVDA,194.1000,243
2026-01-02T09:31:50,TSLA,253.5191,204
2026-01-02T09:31:50,AMD,166.2991,284
2026-01-02T09:31:50,AMZN,269.9502,879
2026-01-02T09:31:50,META,527.7316,655
2026-01-02T09:31:50,GOOGL,386.6179,153
2026-01-02T09:31:50,SPY,784.0041,432
2026-01-02T09:31:50,QQQ,676.0422,360
2026-01-02T09:31:51,AAPL,286.1873,163
2026-01-02T09:31:51,MSFT,375.4321,300
2026-01-02T09:31:51,NVDA,193.8304,347
2026-01-02T09:31:51,TSLA,253.2178,867
2026-01-02T09:31:51,AMD,166.0511,880
2026-01-02T09:31:51,AMZN,270.0956,556
2026-01-02T09:31:51,META,527.5460,500
2026-01-02T09:31:51,GOOGL,386.5269,310
2026-01-02T09:31:51,SPY,785.2007,884
2026-01-02T09:31:51,QQQ,676.2251,766
2026-01-02T09:31:52,AAPL,285.7685,122
2026-01-02T09:31:52,MSFT,375.3302,335
2026-01-02T09:31:52,NVDA,194.2409,777
2026-01-02T09:31:52,TSLA,253.1065,671
2026-01-02T09:31:52,AMD,166.1017,770
2026-01-02T09:31:52,AMZN,270.1073,582
2026-01-02T09:31:52,META,527.6525,426
2026-01-02T09:31:52,GOOGL,387.2396,882
2026-01-02T09:31:52,SPY,783.6957,877
2026-01-02T09:31:52,QQQ,674.9951,603
2026-01-02T09:31:53,AAPL,286.2974,826
2026-01-02T09:31:53,MSFT,375.7009,86
2026-01-02T09:31:53,NVDA,193.9349,839
2026-01-02T09:31:53,TSLA,253.4428,227
2026-01-02T09:31:53,AMD,166.1003,81
2026-01-02T09:31:53,AMZN,270.3973,898
2026-01-02T09:31:53,META,527.4820,816
2026-01-02T09:31:53,GOOGL,387.2408,110
2026-01-02T09:31:53,SPY,783.9342,403
2026-01-02T09:31:53,QQQ,676.7010,625
2026-01-02T09:31:54,AAPL,286.1295,697
2026-01-02T09:31:54,MSFT,375.8553,364
2026-01-02T09:31:54,NVDA,194.2256,145
2026-01-02T09:31:54,TSLA,253.5556,653
2026-01-02T09:31:54,AMD,165.9634,581
2026-01-02T09:31:54,AMZN,270.0379,837
2026-01-02T09:31:54,META,526.6468,841
2026-01-02T09:31:54,GOOGL,386.7585,316
2026-01-02T09:31:54,SPY,784.7175,692
2026-01-02T09:31:54,QQQ,676.7424,465
2026-01-02T09:31:55,AAPL,285.9508,331
2026-01-02T09:31:55,MSFT,375.0953,319
2026-01-02T09:31:55,NVDA,193.8857,833
2026-01-02T09:31:55,TSLA,253.5477,240
2026-01-02T09:31:55,AMD,166.1228,842
2026-01-02T09:31:55,AMZN,269.9901,388
2026-01-02T09:31:55,META,526.7413,497
2026-01-02T09:31:55,GOOGL,387.4553,758
2026-01-02T09:31:55,SPY,783.4616,555
2026-01-02T09:31:55,QQQ,674.9563,859
2026-01-02T09:31:56,AAPL,286.4690,501
2026-01-02T09:31:56,MSFT,375.3601,877
2026-01-02T09:31:56,NVDA,193.8660,152
2026-01-02T09:31:56,TSLA,253.2685,192
2026-01-02T09:31:56,AMD,166.0396,722
2026-01-02T09:31:56,AMZN,270.0659,241
2026-01-02T09:31:56,META,527.2128,711
2026-01-02T09:31:56,GOOGL,387.1346,97
2026-01-02T09:31:56,SPY,783.0597,340
2026-01-02T09:31:56,QQQ,676.6259,357
2026-01-02T09:31:57,AAPL,286.0689,715
2026-01-02T09:31:57,MSFT,375.1918,439
2026-01-02T09:31:57,NVDA,194.1832,311
2026-01-02T09:31:57,TSLA,253.5303,347
2026-01-02T09:31:57,AMD,166.0721,574
2026-01-02T09:31:57,AMZN,270.5211,756
2026-01-02T09:31:57,META,526.8982,764
2026-01-02T09:31:57,GOOGL,387.1635,96
2026-01-02T09:31:57,SPY,783.5550,534
2026-01-02T09:31:57,QQQ,675.1129,470
2026-01-02T09:31:58,AAPL,286.1272,516
2026-01-02T09:31:58,MSFT,375.0267,771
2026-01-02T09:31:58,NVDA,193.8732,514
2026-01-02T09:31:58,TSLA,253.3882,124
2026-01-02T09:31:58,AMD,166.2434,348
2026-01-02T09:31:58,AMZN,270.2481,394
2026-01-02T09:31:58,META,527.7338,196
2026-01-02T09:31:58,GOOGL,386.9670,222
2026-01-02T09:31:58,SPY,785.4366,176
2026-01-02T09:31:58,QQQ,675.5789,409
2026-01-02T09:31:59,AAPL,286.5415,464
2026-01-02T09:31:59,MSFT,375.4586,739
2026-01-02T09:31:59,NVDA,193.8063,380
2026-01-02T09:31:59,TSLA,253.5251,386
2026-01-02T09:31:59,AMD,165.9657,900
2026-01-02T09:31:59,AMZN,269.8996,106
2026-01-02T09:31:59,META,526.6217,125
2026-01-02T09:31:59,GOOGL,387.6290,421
2026-01-02T09:31:59,SPY,784.0826,483
2026-01-02T09:31:59,QQQ,675.8763,471
2026-01-02T09:31:00,AAPL,286.2952,159
2026-01-02T09:31:00,MSFT,375.7691,243
2026-01-02T09:31:00,NVDA,194.0038,138
2026-01-02T09:31:00,TSLA,253.1754,260
2026-01-02T09:31:00,AMD,166.1881,674
2026-01-02T09:31:00,AMZN,269.9019,711
2026-01-02T09:31:00,META,526.3885,298
2026-01-02T09:31:00,GOOGL,387.1946,575
2026-01-02T09:31:00,SPY,785.1508,153
2026-01-02T09:31:00,QQQ,675.7581,83
2026-01-02T09:31:01,AAPL,286.4181,823
2026-01-02T09:31:01,MSFT,375.3218,446
2026-01-02T09:31:01,NVDA,193.7264,426
2026-01-02T09:31:01,TSLA,253.5570,127
2026-01-02T09:31:01,AMD,166.2623,727
2026-01-02T09:31:01,AMZN,270.3075,801
2026-01-02T09:31:01,META,526.6634,893
2026-01-02T09:31:01,GOOGL,387.0612,370
2026-01-02T09:31:01,SPY,783.6568,561
2026-01-02T09:31:01,QQQ,675.8409,308
2026-01-02T09:31:02,AAPL,286.3244,668
2026-01-02T09:31:02,MSFT,374.7576,781
2026-01-02T09:31:02,NVDA,193.8626,581
2026-01-02T09:31:02,TSLA,253.2504,830
2026-01-02T09:31:02,AMD,166.1486,859
2026-01-02T09:31:02,AMZN,270.0415,127
2026-01-02T09:31:02,META,526.6158,570
2026-01-02T09:31:02,GOOGL,387.3274,125
2026-01-02T09:31:02,SPY,784.7952,358
2026-01-02T09:31:02,QQQ,675.5866,762
2026-01-02T09:31:03,AAPL,286.1410,162
2026-01-02T09:31:03,MSFT,375.3446,82
2026-01-02T09:31:03,NVDA,194.1892,417
2026-01-02T09:31:03,TSLA,253.0759,159
2026-01-02T09:31:03,AMD,166.1920,724
2026-01-02T09:31:03,AMZN,270.5142,642
2026-01-02T09:31:03,META,526.7479,338
2026-01-02T09:31:03,GOOGL,387.7801,398
2026-01-02T09:31:03,SPY,785.5558,149
2026-01-02T09:31:03,QQQ,676.9414,559
2026-01-02T09:31:04,AAPL,286.0927,620
2026-01-02T09:31:04,MSFT,374.7020,390
2026-01-02T09:31:04,NVDA,193.6936,240
2026-01-02T09:31:04,TSLA,253.4693,370
2026-01-02T09:31:04,AMD,166.2815,367
2026-01-02T09:31:04,AMZN,270.0575,865
2026-01-02T09:31:04,META,527.5343,277
2026-01-02T09:31:04,GOOGL,386.6728,555
2026-01-02T09:31:04,SPY,784.9365,243
2026-01-02T09:31:04,QQQ,675.5574,287
2026-01-02T09:31:05,AAPL,286.0241,417
2026-01-02T09:31:05,MSFT,375.3646,81
2026-01-02T09:31:05,NVDA,193.9056,427
2026-01-02T09:31:05,TSLA,253.4931,796
2026-01-02T09:31:05,AMD,166.2741,225
2026-01-02T09:31:05,AMZN,270.4833,802
2026-01-02T09:31:05,META,527.7839,562
2026-01-02T09:31:05,GOOGL,387.3203,277
2026-01-02T09:31:05,SPY,785.4643,335
2026-01-02T09:31:05,QQQ,676.1890,352
2026-01-02T09:31:06,AAPL,286.0318,583
2026-01-02T09:31:06,MSFT,375.2309,595
2026-01-02T09:31:06,NVDA,194.0517,561
2026-01-02T09:31:06,TSLA,253.1536,230
2026-01-02T09:31:06,AMD,166.1036,441
2026-01-02T09:31:06,AMZN,270.5245,162
2026-01-02T09:31:06,META,526.6732,716
2026-01-02T09:31:06,GOOGL,387.0588,537
2026-01-02T09:31:06,SPY,784.6321,442
2026-01-02T09:31:06,QQQ,675.5795,636
2026-01-02T09:31:07,AAPL,285.8065,151
2026-01-02T09:31:07,MSFT,375.6890,212
2026-01-02T09:31:07,NVDA,193.8580,672
2026-01-02T09:31:07,TSLA,252.9757,720
2026-01-02T09:31:07,AMD,166.3322,846
2026-01-02T09:31:07,AMZN,269.8200,746
2026-01-02T09:31:07,META,526.6407,838
2026-01-02T09:31:07,GOOGL,387.4494,404
2026-01-02T09:31:07,SPY,785.0732,152
2026-01-02T09:31:07,QQQ,675.8240,754
2026-01-02T09:31:08,AAPL,286.2100,109
2026-01-02T09:31:08,MSFT,375.6565,394
2026-01-02T09:31:08,NVDA,193.7664,569
2026-01-02T09:31:08,TSLA,253.2704,539
2026-01-02T09:31:08,AMD,166.2959,558
2026-01-02T09:31:08,AMZN,269.9831,530
2026-01-02T09:31:08,META,526.8515,683
2026-01-02T09:31:08,GOOGL,386.8163,592
2026-01-02T09:31:08,SPY,784.3473,602
2026-01-02T09:31:08,QQQ,676.1322,810
2026-01-02T09:31:09,AAPL,286.2619,444
2026-01-02T09:31:09,MSFT,374.7114,159
2026-01-02T09:31:09,NVDA,194.0115,426
2026-01-02T09:31:09,TSLA,253.3649,183
2026-01-02T09:31:09,AMD,166.3040,339
2026-01-02T09:31:09,AMZN,269.7489,494
2026-01-02T09:31:09,META,526.8687,849
2026-01-02T09:31:09,GOOGL,387.0898,369
2026-01-02T09:31:09,SPY,785.4188,380
2026-01-02T09:31:09,QQQ,675.6316,471
2026-01-02T09:31:10,AAPL,286.2493,776
2026-01-02T09:31:10,MSFT,375.3527,601
2026-01-02T09:31:10,NVDA,193.6660,748
2026-01-02T09:31:10,TSLA,253.1116,666
2026-01-02T09:31:10,AMD,166.5083,500
2026-01-02T09:31:10,AMZN,270.2747,871
2026-01-02T09:31:10,META,527.0122,192
2026-01-02T09:31:10,GOOGL,387.0736,434
2026-01-02T09:31:10,SPY,784.6568,128
2026-01-02T09:31:10,QQQ,675.2863,280
2026-01-02T09:31:11,AAPL,286.3372,482
2026-01-02T09:31:11,MSFT,374.6659,390
2026-01-02T09:31:11,NVDA,194.1393,695
2026-01-02T09:31:11,TSLA,253.3736,382
2026-01-02T09:31:11,AMD,166.1767,412
2026-01-02T09:31:11,AMZN,270.0552,407
2026-01-02T09:31:11,META,526.4919,538
2026-01-02T09:31:11,GOOGL,387.7889,116
2026-01-02T09:31:11,SPY,784.2920,264
2026-01-02T09:31:11,QQQ,677.2232,439
2026-01-02T09:31:12,AAPL,286.1214,407
2026-01-02T09:31:12,MSFT,375.0516,640
2026-01-02T09:31:12,NVDA,193.6769,296
2026-01-02T09:31:12,TSLA,253.4615,876
2026-01-02T09:31:12,AMD,166.4762,177
2026-01-02T09:31:12,AMZN,269.7689,681
2026-01-02T09:31:12,META,527.1915,777
2026-01-02T09:31:12,GOOGL,387.0906,699
2026-01-02T09:31:12,SPY,784.5602,473
2026-01-02T09:31:12,QQQ,675.8342,469
2026-01-02T09:31:13,AAPL,285.7304,630
2026-01-02T09:31:13,MSFT,374.8857,765
2026-01-02T09:31:13,NVDA,194.1304,739
2026-01-02T09:31:13,TSLA,253.0045,496
2026-01-02T09:31:13,AMD,166.1334,823
2026-01-02T09:31:13,AMZN,270.4404,689
2026-01-02T09:31:13,META,526.7710,379
2026-01-02T09:31:13,GOOGL,387.3415,526
2026-01-02T09:31:13,SPY,783.6662,473
2026-01-02T09:31:13,QQQ,677.0281,804
2026-01-02T09:31:14,AAPL,286.2291,399
2026-01-02T09:31:14,MSFT,375.0006,685
2026-01-02T09:31:14,NVDA,193.7273,718
2026-01-02T09:31:14,TSLA,253.4519,228
2026-01-02T09:31:14,AMD,166.4061,187
2026-01-02T09:31:14,AMZN,270.1227,540
2026-01-02T09:31:14,META,526.5987,373
2026-01-02T09:31:14,GOOGL,387.1368,808
2026-01-02T09:31:14,SPY,784.2940,548
2026-01-02T09:31:14,QQQ,677.1115,852
2026-01-02T09:31:15,AAPL,285.7988,673
2026-01-02T09:31:15,MSFT,375.4410,113
2026-01-02T09:31:15,NVDA,193.7688,508
2026-01-02T09:31:15,TSLA,252.9896,153
2026-01-02T09:31:15,AMD,166.3071,277
2026-01-02T09:31:15,AMZN,270.3420,358
2026-01-02T09:31:15,META,526.2127,302
2026-01-02T09:31:15,GOOGL,387.2378,725
2026-01-02T09:31:15,SPY,785.3770,320
2026-01-02T09:31:15,QQQ,675.7076,403
2026-01-02T09:31:16,AAPL,285.6280,499
2026-01-02T09:31:16,MSFT,374.7160,377
2026-01-02T09:31:16,NVDA,193.7760,94
2026-01-02T09:31:16,TSLA,253.3318,467
2026-01-02T09:31:16,AMD,166.4022,715
2026-01-02T09:31:16,AMZN,269.7180,337
2026-01-02T09:31:16,META,526.8423,803
2026-01-02T09:31:16,GOOGL,386.8864,389
2026-01-02T09:31:16,SPY,784.6002,666
2026-01-02T09:31:16,QQQ,676.5459,735
2026-01-02T09:31:17,AAPL,286.3462,179
2026-01-02T09:31:17,MSFT,374.6979,667
2026-01-02T09:31:17,NVDA,193.7713,628
2026-01-02T09:31:17,TSLA,252.7973,91
2026-01-02T09:31:17,AMD,166.2527,234
2026-01-02T09:31:17,AMZN,270.4424,176
2026-01-02T09:31:17,META,526.8313,430
2026-01-02T09:31:17,GOOGL,387.4570,695
2026-01-02T09:31:17,SPY,785.2028,191
2026-01-02T09:31:17,QQQ,676.2372,455
2026-01-02T09:31:18,AAPL,286.1519,585
2026-01-02T09:31:18,MSFT,374.7145,516
2026-01-02T09:31:18,NVDA,193.7718,532
2026-01-02T09:31:18,TSLA,253.0234,248
2026-01-02T09:31:18,AMD,166.2950,208
2026-01-02T09:31:18,AMZN,270.0929,863
2026-01-02T09:31:18,META,527.1461,568
2026-01-02T09:31:18,GOOGL,387.6815,749
2026-01-02T09:31:18,SPY,784.4886,714
2026-01-02T09:31:18,QQQ,677.2503,878
2026-01-02T09:31:19,AAPL,286.1631,582
2026-01-02T09:31:19,MSFT,375.2436,168
2026-01-02T09:31:19,NVDA,193.5702,658
2026-01-02T09:31:19,TSLA,252.7773,782
2026-01-02T09:31:19,AMD,166.2716,273
2026-01-02T09:31:19,AMZN,269.8015,714
2026-01-02T09:31:19,META,527.3180,273
2026-01-02T09:31:19,GOOGL,386.9401,668
2026-01-02T09:31:19,SPY,784.2996,859
2026-01-02T09:31:19,QQQ,676.0723,688
2026-01-02T09:32:20,AAPL,286.1158,861
2026-01-02T09:32:20,MSFT,375.3541,403
2026-01-02T09:32:20,NVDA,193.7091,255
2026-01-02T09:32:20,TSLA,253.0404,164
2026-01-02T09:32:20,AMD,166.1762,832
2026-01-02T09:32:20,AMZN,270.4357,195
2026-01-02T09:32:20,META,526.6878,589
2026-01-02T09:32:20,GOOGL,387.5855,811
2026-01-02T09:32:20,SPY,784.6571,732
2026-01-02T09:32:20,QQQ,676.0465,206
2026-01-02T09:32:21,AAPL,285.6085,690
2026-01-02T09:32:21,MSFT,375.2085,488
2026-01-02T09:32:21,NVDA,193.6058,686
2026-01-02T09:32:21,TSLA,253.0850,472
2026-01-02T09:32:21,AMD,166.3715,191
2026-01-02T09:32:21,AMZN,270.0106,796
2026-01-02T09:32:21,META,526.0469,684
2026-01-02T09:32:21,GOOGL,387.0227,429
2026-01-02T09:32:21,SPY,784.4587,771
2026-01-02T09:32:21,QQQ,676.0653,430
2026-01-02T09:32:22,AAPL,285.9153,607
2026-01-02T09:32:22,MSFT,375.2981,267
2026-01-02T09:32:22,NVDA,194.0805,423
2026-01-02T09:32:22,TSLA,252.9649,896
2026-01-02T09:32:22,AMD,166.5802,596
2026-01-02T09:32:22,AMZN,270.1153,300
2026-01-02T09:32:22,META,526.5528,120
2026-01-02T09:32:22,GOOGL,387.2615,323
2026-01-02T09:32:22,SPY,785.9148,227
2026-01-02T09:32:22,QQQ,676.0769,614
2026-01-02T09:32:23,AAPL,286.1312,360
2026-01-02T09:32:23,MSFT,374.8403,361
2026-01-02T09:32:23,NVDA,194.0116,661
2026-01-02T09:32:23,TSLA,253.3862,498
2026-01-02T09:32:23,AMD,166.5470,881
2026-01-02T09:32:23,AMZN,270.3666,102
2026-01-02T09:32:23,META,526.0228,444
2026-01-02T09:32:23,GOOGL,387.6761,295
2026-01-02T09:32:23,SPY,783.9763,481
2026-01-02T09:32:23,QQQ,677.4856,392
2026-01-02T09:32:24,AAPL,286.1078,696
2026-01-02T09:32:24,MSFT,375.2223,88
2026-01-02T09:32:24,NVDA,193.8642,507
2026-01-02T09:32:24,TSLA,252.7983,674
2026-01-02T09:32:24,AMD,166.2986,437
2026-01-02T09:32:24,AMZN,270.2150,111
2026-01-02T09:32:24,META,526.4118,667
2026-01-02T09:32:24,GOOGL,387.8064,131
2026-01-02T09:32:24,SPY,784.7860,122
2026-01-02T09:32:24,QQQ,677.0992,544
2026-01-02T09:32:25,AAPL,286.2128,625
2026-01-02T09:32:25,MSFT,374.9945,255
2026-01-02T09:32:25,NVDA,193.9390,760
2026-01-02T09:32:25,TSLA,253.0974,267
2026-01-02T09:32:25,AMD,166.4331,670
2026-01-02T09:32:25,AMZN,270.0679,652
2026-01-02T09:32:25,META,527.3413,322
2026-01-02T09:32:25,GOOGL,387.5310,766
2026-01-02T09:32:25,SPY,785.0814,361
2026-01-02T09:32:25,QQQ,677.3058,650
2026-01-02T09:32:26,AAPL,286.0470,753
2026-01-02T09:32:26,MSFT,374.5323,295
2026-01-02T09:32:26,NVDA,193.8014,210
2026-01-02T09:32:26,TSLA,253.3602,827
2026-01-02T09:32:26,AMD,166.2902,484
2026-01-02T09:32:26,AMZN,270.3073,150
2026-01-02T09:32:26,META,527.3503,549
2026-01-02T09:32:26,GOOGL,387.6716,546
2026-01-02T09:32:26,SPY,784.1564,304
2026-01-02T09:32:26,QQQ,676.4114,269
2026-01-02T09:32:27,AAPL,286.0287,393
2026-01-02T09:32:27,MSFT,374.4456,354
2026-01-02T09:32:27,NVDA,193.8531,374
2026-01-02T09:32:27,TSLA,253.0853,819
2026-01-02T09:32:27,AMD,166.1238,493
2026-01-02T09:32:27,AMZN,270.3022,458
2026-01-02T09:32:27,META,527.3496,134
2026-01-02T09:32:27,GOOGL,387.9304,322
2026-01-02T09:32:27,SPY,785.7663,367
2026-01-02T09:32:27,QQQ,677.5841,253
2026-01-02T09:32:28,AAPL,285.8517,215
2026-01-02T09:32:28,MSFT,374.9645,839
2026-01-02T09:32:28,NVDA,193.7612,657
2026-01-02T09:32:28,TSLA,252.9504,155
2026-01-02T09:32:28,AMD,166.4724,137
2026-01-02T09:32:28,AMZN,270.1902,146
2026-01-02T09:32:28,META,526.3974,111
2026-01-02T09:32:28,GOOGL,387.7064,313
2026-01-02T09:32:28,SPY,784.1431,570
2026-01-02T09:32:28,QQQ,677.4742,825
2026-01-02T09:32:29,AAPL,286.2063,762
2026-01-02T09:32:29,MSFT,374.5474,636
2026-01-02T09:32:29,NVDA,194.0505,828
2026-01-02T09:32:29,TSLA,252.9823,814
2026-01-02T09:32:29,AMD,166.4518,334
2026-01-02T09:32:29,AMZN,270.0111,673
2026-01-02T09:32:29,META,526.1435,583
2026-01-02T09:32:29,GOOGL,388.0691,492
2026-01-02T09:32:29,SPY,785.0421,690
2026-01-02T09:32:29,QQQ,676.7560,214
2026-01-02T09:32:30,AAPL,285.7988,527
2026-01-02T09:32:30,MSFT,374.7256,353
2026-01-02T09:32:30,NVDA,193.9760,613
2026-01-02T09:32:30,TSLA,252.9220,590
2026-01-02T09:32:30,AMD,166.3901,343
2026-01-02T09:32:30,AMZN,269.8475,366
2026-01-02T09:32:30,META,525.9148,198
2026-01-02T09:32:30,GOOGL,387.7463,574
2026-01-02T09:32:30,SPY,785.3979,183
2026-01-02T09:32:30,QQQ,676.6850,624
2026-01-02T09:32:31,AAPL,286.1332,420
2026-01-02T09:32:31,MSFT,374.5421,578
2026-01-02T09:32:31,NVDA,193.9485,340
2026-01-02T09:32:31,TSLA,252.8472,374
2026-01-02T09:32:31,AMD,166.5574,798
2026-01-02T09:32:31,AMZN,269.5801,139
2026-01-02T09:32:31,META,526.1578,761
2026-01-02T09:32:31,GOOGL,387.5800,849
2026-01-02T09:32:31,SPY,785.6709,695
2026-01-02T09:32:31,QQQ,676.1053,554
2026-01-02T09:32:32,AAPL,286.1233,502
2026-01-02T09:32:32,MSFT,375.2150,530
2026-01-02T09:32:32,NVDA,193.6214,151
2026-01-02T09:32:32,TSLA,253.0046,740
2026-01-02T09:32:32,AMD,166.4885,430
2026-01-02T09:32:32,AMZN,270.3145,805
2026-01-02T09:32:32,META,527.0811,512
2026-01-02T09:32:32,GOOGL,387.5029,555
2026-01-02T09:32:32,SPY,784.5484,252
2026-01-02T09:32:32,QQQ,676.2167,677
2026-01-02T09:32:33,AAPL,286.0587,313
2026-01-02T09:32:33,MSFT,374.4928,788
2026-01-02T09:32:33,NVDA,193.5708,887
2026-01-02T09:32:33,TSLA,253.3584,798
2026-01-02T09:32:33,AMD,166.2064,376
2026-01-02T09:32:33,AMZN,270.0852,730
2026-01-02T09:32:33,META,527.1415,186
2026-01-02T09:32:33,GOOGL,387.7544,624
2026-01-02T09:32:33,SPY,785.8825,384
2026-01-02T09:32:33,QQQ,676.9392,752
2026-01-02T09:32:34,AAPL,286.0804,878
2026-01-02T09:32:34,MSFT,374.9487,861
2026-01-02T09:32:34,NVDA,193.8200,410
2026-01-02T09:32:34,TSLA,253.2957,434
2026-01-02T09:32:34,AMD,166.2394,619
2026-01-02T09:32:34,AMZN,269.7699,535
2026-01-02T09:32:34,META,526.8494,237
2026-01-02T09:32:34,GOOGL,387.4623,628
2026-01-02T09:32:34,SPY,784.5045,809
2026-01-02T09:32:34,QQQ,677.7236,606
2026-01-02T09:32:35,AAPL,285.5560,894
2026-01-02T09:32:35,MSFT,374.6693,499
2026-01-02T09:32:35,NVDA,193.7879,149
2026-01-02T09:32:35,TSLA,253.3648,885
2026-01-02T09:32:35,AMD,166.5377,110
2026-01-02T09:32:35,AMZN,270.1609,278
2026-01-02T09:32:35,META,526.1363,135
2026-01-02T09:32:35,GOOGL,387.2458,658
2026-01-02T09:32:35,SPY,784.5656,167
2026-01-02T09:32:35,QQQ,677.5536,463
2026-01-02T09:32:36,AAPL,286.1810,723
2026-01-02T09:32:36,MSFT,375.1575,216
2026-01-02T09:32:36,NVDA,193.9623,619
2026-01-02T09:32:36,TSLA,253.2007,551
2026-01-02T09:32:36,AMD,166.4217,429
2026-01-02T09:32:36,AMZN,270.1418,269
2026-01-02T09:32:36,META,525.9037,593
2026-01-02T09:32:36,GOOGL,387.6244,144
2026-01-02T09:32:36,SPY,786.0922,870
2026-01-02T09:32:36,QQQ,676.5829,841
2026-01-02T09:32:37,AAPL,285.7674,636
2026-01-02T09:32:37,MSFT,375.0199,475
2026-01-02T09:32:37,NVDA,193.8660,408
2026-01-02T09:32:37,TSLA,252.7662,201
2026-01-02T09:32:37,AMD,166.5796,422
2026-01-02T09:32:37,AMZN,270.0639,309
2026-01-02T09:32:37,META,526.4677,363
2026-01-02T09:32:37,GOOGL,387.7436,860
2026-01-02T09:32:37,SPY,784.4603,658
2026-01-02T09:32:37,QQQ,677.7673,854
2026-01-02T09:32:38,AAPL,286.0277,482
2026-01-02T09:32:38,MSFT,374.9265,437
2026-01-02T09:32:38,NVDA,193.6536,625
2026-01-02T09:32:38,TSLA,253.0375,377
2026-01-02T09:32:38,AMD,166.3437,729
2026-01-02T09:32:38,AMZN,270.1103,798
2026-01-02T09:32:38,META,526.5710,720
2026-01-02T09:32:38,GOOGL,388.0163,471
2026-01-02T09:32:38,SPY,784.5369,200
2026-01-02T09:32:38,QQQ,676.9143,201
2026-01-02T09:32:39,AAPL,286.0984,178
2026-01-02T09:32:39,MSFT,375.0213,154
2026-01-02T09:32:39,NVDA,193.6904,311
2026-01-02T09:32:39,TSLA,253.1418,440
2026-01-02T09:32:39,AMD,166.5635,599
2026-01-02T09:32:39,AMZN,270.0228,441
2026-01-02T09:32:39,META,526.7429,897
2026-01-02T09:32:39,GOOGL,388.2870,427
2026-01-02T09:32:39,SPY,784.6151,106
2026-01-02T09:32:39,QQQ,676.7829,769
2026-01-02T09:32:40,AAPL,285.7017,294
2026-01-02T09:32:40,MSFT,375.2746,223
2026-01-02T09:32:40,NVDA,193.9639,275
2026-01-02T09:32:40,TSLA,253.2153,700
2026-01-02T09:32:40,AMD,166.5556,751
2026-01-02T09:32:40,AMZN,269.8517,286
2026-01-02T09:32:40,META,525.9661,442
2026-01-02T09:32:40,GOOGL,387.7891,141
2026-01-02T09:32:40,SPY,785.9194,118
2026-01-02T09:32:40,QQQ,676.5613,834
2026-01-02T09:32:41,AAPL,285.9227,726
2026-01-02T09:32:41,MSFT,374.2193,444
2026-01-02T09:32:41,NVDA,193.8684,334
2026-01-02T09:32:41,TSLA,252.7325,546
2026-01-02T09:32:41,AMD,166.3769,332
2026-01-02T09:32:41,AMZN,270.0845,877
2026-01-02T09:32:41,META,525.8716,262
2026-01-02T09:32:41,GOOGL,387.8608,289
2026-01-02T09:32:41,SPY,785.1729,225
2026-01-02T09:32:41,QQQ,676.0388,100
2026-01-02T09:32:42,AAPL,285.2681,726
2026-01-02T09:32:42,MSFT,374.6754,192
2026-01-02T09:32:42,NVDA,193.9458,214
2026-01-02T09:32:42,TSLA,253.1374,527
2026-01-02T09:32:42,AMD,166.6139,268
2026-01-02T09:32:42,AMZN,269.4679,833
2026-01-02T09:32:42,META,527.0320,232
2026-01-02T09:32:42,GOOGL,387.4704,241
2026-01-02T09:32:42,SPY,786.0456,782
2026-01-02T09:32:42,QQQ,677.8424,632
2026-01-02T09:32:43,AAPL,285.6011,241
2026-01-02T09:32:43,MSFT,374.5884,561
2026-01-02T09:32:43,NVDA,193.8017,457
2026-01-02T09:32:43,TSLA,252.7690,369
2026-01-02T09:32:43,AMD,166.7000,676
2026-01-02T09:32:43,AMZN,269.8002,574
2026-01-02T09:32:43,META,526.9110,394
2026-01-02T09:32:43,GOOGL,388.2657,642
2026-01-02T09:32:43,SPY,784.5809,675
2026-01-02T09:32:43,QQQ,676.8194,759
2026-01-02T09:32:44,AAPL,285.6955,822
2026-01-02T09:32:44,MSFT,374.8175,459
2026-01-02T09:32:44,NVDA,193.7294,610
2026-01-02T09:32:44,TSLA,253.2509,623
2026-01-02T09:32:44,AMD,166.5882,485
2026-01-02T09:32:44,AMZN,270.1844,268
2026-01-02T09:32:44,META,525.5452,420
2026-01-02T09:32:44,GOOGL,388.0410,331
2026-01-02T09:32:44,SPY,785.2659,498
2026-01-02T09:32:44,QQQ,676.5386,525
2026-01-02T09:32:45,AAPL,285.3170,482
2026-01-02T09:32:45,MSFT,374.6421,261
2026-01-02T09:32:45,NVDA,193.4208,429
2026-01-02T09:32:45,TSLA,252.5744,891
2026-01-02T09:32:45,AMD,166.3894,279
2026-01-02T09:32:45,AMZN,269.9131,106
2026-01-02T09:32:45,META,526.5603,288
2026-01-02T09:32:45,GOOGL,387.7661,422
2026-01-02T09:32:45,SPY,784.9314,96
2026-01-02T09:32:45,QQQ,677.3570,439
2026-01-02T09:32:46,AAPL,286.0825,562
2026-01-02T09:32:46,MSFT,374.9013,442
2026-01-02T09:32:46,NVDA,193.4492,106
2026-01-02T09:32:46,TSLA,253.2151,302
2026-01-02T09:32:46,AMD,166.5731,846
2026-01-02T09:32:46,AMZN,269.9021,394
2026-01-02T09:32:46,META,526.7598,832
2026-01-02T09:32:46,GOOGL,387.8930,194
2026-01-02T09:32:46,SPY,785.7540,111
2026-01-02T09:32:46,QQQ,676.3311,613
2026-01-02T09:32:47,AAPL,285.3080,534
2026-01-02T09:32:47,MSFT,374.4395,583
2026-01-02T09:32:47,NVDA,193.6010,199
2026-01-02T09:32:47,TSLA,253.2532,306
2026-01-02T09:32:47,AMD,166.3619,205
2026-01-02T09:32:47,AMZN,269.8873,336
2026-01-02T09:32:47,META,525.5568,465
2026-01-02T09:32:47,GOOGL,387.6555,756
2026-01-02T09:32:47,SPY,786.2774,269
2026-01-02T09:32:47,QQQ,677.4249,534
2026-01-02T09:32:48,AAPL,286.0082,762
2026-01-02T09:32:48,MSFT,375.1810,302
2026-01-02T09:32:48,NVDA,193.5212,739
2026-01-02T09:32:48,TSLA,253.0637,638
2026-01-02T09:32:48,AMD,166.4357,836
2026-01-02T09:32:48,AMZN,269.8855,304
2026-01-02T09:32:48,META,525.4595,591
2026-01-02T09:32:48,GOOGL,388.4037,729
2026-01-02T09:32:48,SPY,784.6281,685
2026-01-02T09:32:48,QQQ,676.8919,576
2026-01-02T09:32:49,AAPL,285.7226,384
2026-01-02T09:32:49,MSFT,374.7974,895
2026-01-02T09:32:49,NVDA,193.3901,521
2026-01-02T09:32:49,TSLA,253.0209,783
2026-01-02T09:32:49,AMD,166.7182,408
2026-01-02T09:32:49,AMZN,270.0147,109
2026-01-02T09:32:49,META,526.7956,361
2026-01-02T09:32:49,GOOGL,388.3306,820
2026-01-02T09:32:49,SPY,786.3683,117
2026-01-02T09:32:49,QQQ,677.6840,505
2026-01-02T09:32:50,AAPL,285.9167,676
2026-01-02T09:32:50,MSFT,375.0134,240
2026-01-02T09:32:50,NVDA,193.7111,809
2026-01-02T09:32:50,TSLA,252.7554,825
2026-01-02T09:32:50,AMD,166.6325,705
2026-01-02T09:32:50,AMZN,269.6866,220
2026-01-02T09:32:50,META,525.7239,640
2026-01-02T09:32:50,GOOGL,388.4086,198
2026-01-02T09:32:50,SPY,786.2160,644
2026-01-02T09:32:50,QQQ,677.5205,136
2026-01-02T09:32:51,AAPL,285.9588,399
2026-01-02T09:32:51,MSFT,375.0685,704
2026-01-02T09:32:51,NVDA,193.4899,375
2026-01-02T09:32:51,TSLA,252.9822,130
2026-01-02T09:32:51,AMD,166.5621,671
2026-01-02T09:32:51,AMZN,269.5606,431
2026-01-02T09:32:51,META,525.5215,748
2026-01-02T09:32:51,GOOGL,387.5803,663
2026-01-02T09:32:51,SPY,785.9569,194
2026-01-02T09:32:51,QQQ,678.0862,147
2026-01-02T09:32:52,AAPL,285.7852,842
2026-01-02T09:32:52,MSFT,375.1800,337
2026-01-02T09:32:52,NVDA,193.8881,492
2026-01-02T09:32:52,TSLA,253.0150,666
2026-01-02T09:32:52,AMD,166.4496,274
2026-01-02T09:32:52,AMZN,269.8717,831
2026-01-02T09:32:52,META,525.9548,838
2026-01-02T09:32:52,GOOGL,388.1853,643
2026-01-02T09:32:52,SPY,786.4286,783
2026-01-02T09:32:52,QQQ,677.0004,860
2026-01-02T09:32:53,AAPL,285.9001,351
2026-01-02T09:32:53,MSFT,374.4162,858
2026-01-02T09:32:53,NVDA,193.7962,407
2026-01-02T09:32:53,TSLA,252.5487,831
2026-01-02T09:32:53,AMD,166.5952,133
2026-01-02T09:32:53,AMZN,270.0700,477
2026-01-02T09:32:53,META,526.0492,848
2026-01-02T09:32:53,GOOGL,388.4383,523
2026-01-02T09:32:53,SPY,786.5555,141
2026-01-02T09:32:53,QQQ,678.2022,535
2026-01-02T09:32:54,AAPL,285.7164,680
2026-01-02T09:32:54,MSFT,375.0414,91
2026-01-02T09:32:54,NVDA,193.8925,333
2026-01-02T09:32:54,TSLA,252.5079,619
2026-01-02T09:32:54,AMD,166.7256,726
2026-01-02T09:32:54,AMZN,269.8310,559
2026-01-02T09:32:54,META,526.5577,899
2026-01-02T09:32:54,GOOGL,388.2953,515
2026-01-02T09:32:54,SPY,785.6093,795
2026-01-02T09:32:54,QQQ,676.8460,306
2026-01-02T09:32:55,AAPL,285.9691,849
2026-01-02T09:32:55,MSFT,374.4826,890
2026-01-02T09:32:55,NVDA,193.7681,702
2026-01-02T09:32:55,TSLA,252.9687,406
2026-01-02T09:32:55,AMD,166.7657,205
2026-01-02T09:32:55,AMZN,269.8514,515
2026-01-02T09:32:55,META,525.7271,465
2026-01-02T09:32:55,GOOGL,388.0662,172
2026-01-02T09:32:55,SPY,785.0482,511
2026-01-02T09:32:55,QQQ,676.8942,825
2026-01-02T09:32:56,AAPL,285.4493,752
2026-01-02T09:32:56,MSFT,374.0229,396
2026-01-02T09:32:56,NVDA,193.7331,145
2026-01-02T09:32:56,TSLA,252.9648,900
2026-01-02T09:32:56,AMD,166.6783,173
2026-01-02T09:32:56,AMZN,269.6453,133
2026-01-02T09:32:56,META,525.8322,533
2026-01-02T09:32:56,GOOGL,388.2924,325
2026-01-02T09:32:56,SPY,785.5294,767
2026-01-02T09:32:56,QQQ,677.1575,388
2026-01-02T09:32:57,AAPL,285.3368,172
2026-01-02T09:32:57,MSFT,374.7414,619
2026-01-02T09:32:57,NVDA,193.3644,529
2026-01-02T09:32:57,TSLA,252.6815,283
2026-01-02T09:32:57,AMD,166.3557,213
2026-01-02T09:32:57,AMZN,269.6713,521
2026-01-02T09:32:57,META,525.9545,788
2026-01-02T09:32:57,GOOGL,388.1292,515
2026-01-02T09:32:57,SPY,786.5186,701
2026-01-02T09:32:57,QQQ,677.8829,488
2026-01-02T09:32:58,AAPL,285.3385,213
2026-01-02T09:32:58,MSFT,374.3268,783
2026-01-02T09:32:58,NVDA,193.7729,569
2026-01-02T09:32:58,TSLA,252.8354,615
2026-01-02T09:32:58,AMD,166.5787,407
2026-01-02T09:32:58,AMZN,269.4633,638
2026-01-02T09:32:58,META,525.8999,595
2026-01-02T09:32:58,GOOGL,387.5210,583
2026-01-02T09:32:58,SPY,787.0127,385
2026-01-02T09:32:58,QQQ,678.3057,637
2026-01-02T09:32:59,AAPL,285.5362,557
2026-01-02T09:32:59,MSFT,374.8791,218
2026-01-02T09:32:59,NVDA,193.3690,550
2026-01-02T09:32:59,TSLA,252.4335,232
2026-01-02T09:32:59,AMD,166.4240,462
2026-01-02T09:32:59,AMZN,269.5682,465
2026-01-02T09:32:59,META,526.5270,458
2026-01-02T09:32:59,GOOGL,388.1598,727
2026-01-02T09:32:59,SPY,785.7099,634
2026-01-02T09:32:59,QQQ,677.7891,401
2026-01-02T09:32:00,AAPL,285.3479,162
2026-01-02T09:32:00,MSFT,374.3707,139
2026-01-02T09:32:00,NVDA,193.7036,547
2026-01-02T09:32:00,TSLA,252.5593,745
2026-01-02T09:32:00,AMD,166.4431,433
2026-01-02T09:32:00,AMZN,269.8055,201
2026-01-02T09:32:00,META,526.4843,663
2026-01-02T09:32:00,GOOGL,387.4860,234
2026-01-02T09:32:00,SPY,785.3187,671
2026-01-02T09:32:00,QQQ,676.9083,413
2026-01-02T09:32:01,AAPL,285.5336,885
2026-01-02T09:32:01,MSFT,374.1651,237
2026-01-02T09:32:01,NVDA,193.2959,392
2026-01-02T09:32:01,TSLA,252.7441,685
2026-01-02T09:32:01,AMD,166.3764,521
2026-01-02T09:32:01,AMZN,269.3970,363
2026-01-02T09:32:01,META,525.3015,804
2026-01-02T09:32:01,GOOGL,388.1998,355
2026-01-02T09:32:01,SPY,784.8901,774
2026-01-02T09:32:01,QQQ,677.9855,878
2026-01-02T09:32:02,AAPL,285.4937,665
2026-01-02T09:32:02,MSFT,374.0586,377
2026-01-02T09:32:02,NVDA,193.5757,283
2026-01-02T09:32:02,TSLA,252.6079,436
2026-01-02T09:32:02,AMD,166.6431,257
2026-01-02T09:32:02,AMZN,269.8144,533
2026-01-02T09:32:02,META,525.6005,882
2026-01-02T09:32:02,GOOGL,387.8652,822
2026-01-02T09:32:02,SPY,786.9878,231
2026-01-02T09:32:02,QQQ,676.5269,80
2026-01-02T09:32:03,AAPL,285.1002,414
2026-01-02T09:32:03,MSFT,374.5130,542
2026-01-02T09:32:03,NVDA,193.3903,390
2026-01-02T09:32:03,TSLA,252.5498,126
2026-01-02T09:32:03,AMD,166.5320,423
2026-01-02T09:32:03,AMZN,269.5555,762
2026-01-02T09:32:03,META,525.9996,635
2026-01-02T09:32:03,GOOGL,388.4201,898
2026-01-02T09:32:03,SPY,786.9453,640
2026-01-02T09:32:03,QQQ,677.0263,164
2026-01-02T09:32:04,AAPL,285.3504,613
2026-01-02T09:32:04,MSFT,373.9630,665
2026-01-02T09:32:04,NVDA,193.7339,299
2026-01-02T09:32:04,TSLA,252.4111,648
2026-01-02T09:32:04,AMD,166.7813,233
2026-01-02T09:32:04,AMZN,269.4659,679
2026-01-02T09:32:04,META,525.5240,309
2026-01-02T09:32:04,GOOGL,388.4171,646
2026-01-02T09:32:04,SPY,785.1824,587
2026-01-02T09:32:04,QQQ,677.7456,625
2026-01-02T09:32:05,AAPL,285.2090,596
2026-01-02T09:32:05,MSFT,375.0250,678
2026-01-02T09:32:05,NVDA,193.5652,376
2026-01-02T09:32:05,TSLA,252.6004,300
2026-01-02T09:32:05,AMD,166.5522,281
2026-01-02T09:32:05,AMZN,269.7120,795
2026-01-02T09:32:05,META,525.2297,202
2026-01-02T09:32:05,GOOGL,388.2204,293
2026-01-02T09:32:05,SPY,785.9420,546
2026-01-02T09:32:05,QQQ,677.2152,789
2026-01-02T09:32:06,AAPL,285.4082,221
2026-01-02T09:32:06,MSFT,374.5303,221
2026-01-02T09:32:06,NVDA,193.3318,672
2026-01-02T09:32:06,TSLA,252.6416,107
2026-01-02T09:32:06,AMD,166.4615,649
2026-01-02T09:32:06,AMZN,269.7031,726
2026-01-02T09:32:06,META,526.0744,342
2026-01-02T09:32:06,GOOGL,387.6610,318
2026-01-02T09:32:06,SPY,786.2074,468
2026-01-02T09:32:06,QQQ,677.0998,524
2026-01-02T09:32:07,AAPL,285.2320,91
2026-01-02T09:32:07,MSFT,374.8698,505
2026-01-02T09:32:07,NVDA,193.8135,421
2026-01-02T09:32:07,TSLA,253.0961,724
2026-01-02T09:32:07,AMD,166.6549,301
2026-01-02T09:32:07,AMZN,269.5568,545
2026-01-02T09:32:07,META,526.5662,89
2026-01-02T09:32:07,GOOGL,388.4979,161
2026-01-02T09:32:07,SPY,785.2828,860
2026-01-02T09:32:07,QQQ,677.2139,496
2026-01-02T09:32:08,AAPL,285.4093,579
2026-01-02T09:32:08,MSFT,374.8799,496
2026-01-02T09:32:08,NVDA,193.6204,137
2026-01-02T09:32:08,TSLA,252.6848,323
2026-01-02T09:32:08,AMD,166.7421,492
2026-01-02T09:32:08,AMZN,269.8785,438
2026-01-02T09:32:08,META,526.2069,124
2026-01-02T09:32:08,GOOGL,388.6541,460
2026-01-02T09:32:08,SPY,785.8530,477
2026-01-02T09:32:08,QQQ,678.3384,814
2026-01-02T09:32:09,AAPL,285.6954,159
2026-01-02T09:32:09,MSFT,374.5440,497
2026-01-02T09:32:09,NVDA,193.3175,880
2026-01-02T09:32:09,TSLA,252.8655,583
2026-01-02T09:32:09,AMD,166.5590,332
2026-01-02T09:32:09,AMZN,269.2327,870
2026-01-02T09:32:09,META,526.2604,383
2026-01-02T09:32:09,GOOGL,387.6498,780
2026-01-02T09:32:09,SPY,786.0375,156
2026-01-02T09:32:09,QQQ,677.4952,423
2026-01-02T09:32:10,AAPL,285.7937,741
2026-01-02T09:32:10,MSFT,374.6829,123
2026-01-02T09:32:10,NVDA,193.6342,651
2026-01-02T09:32:10,TSLA,252.8564,327
2026-01-02T09:32:10,AMD,166.8043,894
2026-01-02T09:32:10,AMZN,269.1741,305
2026-01-02T09:32:10,META,525.5898,803
2026-01-02T09:32:10,GOOGL,387.8828,316
2026-01-02T09:32:10,SPY,787.2795,409
2026-01-02T09:32:10,QQQ,677.3087,232
2026-01-02T09:32:11,AAPL,285.1958,299
2026-01-02T09:32:11,MSFT,373.9343,594
2026-01-02T09:32:11,NVDA,193.5757,874
2026-01-02T09:32:11,TSLA,252.9135,140
2026-01-02T09:32:11,AMD,166.6801,97
2026-01-02T09:32:11,AMZN,269.2403,348
2026-01-02T09:32:11,META,525.0788,801
2026-01-02T09:32:11,GOOGL,387.9003,297
2026-01-02T09:32:11,SPY,785.9461,882
2026-01-02T09:32:11,QQQ,678.3590,285
2026-01-02T09:32:12,AAPL,285.4195,116
2026-01-02T09:32:12,MSFT,373.8969,738
2026-01-02T09:32:12,NVDA,193.4663,191
2026-01-02T09:32:12,TSLA,252.7366,756
2026-01-02T09:32:12,AMD,166.5931,712
2026-01-02T09:32:12,AMZN,269.6590,761
2026-01-02T09:32:12,META,525.1370,279
2026-01-02T09:32:12,GOOGL,388.3505,128
2026-01-02T09:32:12,SPY,786.3255,354
2026-01-02T09:32:12,QQQ,678.6962,545
2026-01-02T09:32:13,AAPL,285.3611,140
2026-01-02T09:32:13,MSFT,374.3392,807
2026-01-02T09:32:13,NVDA,193.2563,381
2026-01-02T09:32:13,TSLA,252.3647,188
2026-01-02T09:32:13,AMD,166.7937,425
2026-01-02T09:32:13,AMZN,269.6862,846
2026-01-02T09:32:13,META,525.7460,781
2026-01-02T09:32:13,GOOGL,387.9541,671
2026-01-02T09:32:13,SPY,786.5102,306
2026-01-02T09:32:13,QQQ,677.3418,370
2026-01-02T09:32:14,AAPL,285.4321,414
2026-01-02T09:32:14,MSFT,374.8866,438
2026-01-02T09:32:14,NVDA,193.2586,354
2026-01-02T09:32:14,TSLA,252.8126,372
2026-01-02T09:32:14,AMD,166.4019,395
2026-01-02T09:32:14,AMZN,269.7496,217
2026-01-02T09:32:14,META,526.4753,675
2026-01-02T09:32:14,GOOGL,387.6708,561
2026-01-02T09:32:14,SPY,786.2403,607
2026-01-02T09:32:14,QQQ,678.0299,730
2026-01-02T09:32:15,AAPL,285.2089,843
2026-01-02T09:32:15,MSFT,373.9815,574
2026-01-02T09:32:15,NVDA,193.4581,865
2026-01-02T09:32:15,TSLA,253.0100,845
2026-01-02T09:32:15,AMD,166.4885,831
2026-01-02T09:32:15,AMZN,269.4074,321
2026-01-02T09:32:15,META,525.0088,682
2026-01-02T09:32:15,GOOGL,388.1793,204
2026-01-02T09:32:15,SPY,785.4684,285
2026-01-02T09:32:15,QQQ,677.0093,680
2026-01-02T09:32:16,AAPL,285.1711,746
2026-01-02T09:32:16,MSFT,374.5083,499
2026-01-02T09:32:16,NVDA,193.2231,232
2026-01-02T09:32:16,TSLA,252.3031,94
2026-01-02T09:32:16,AMD,166.6902,673
2026-01-02T09:32:16,AMZN,269.4100,897
2026-01-02T09:32:16,META,525.0719,713
2026-01-02T09:32:16,GOOGL,388.3537,811
2026-01-02T09:32:16,SPY,787.2330,207
2026-01-02T09:32:16,QQQ,678.0228,150
2026-01-02T09:32:17,AAPL,285.6777,423
2026-01-02T09:32:17,MSFT,374.7317,886
2026-01-02T09:32:17,NVDA,193.3697,115
2026-01-02T09:32:17,TSLA,252.4509,190
2026-01-02T09:32:17,AMD,166.7248,872
2026-01-02T09:32:17,AMZN,269.2565,427
2026-01-02T09:32:17,META,525.0147,394
2026-01-02T09:32:17,GOOGL,388.2371,303
2026-01-02T09:32:17,SPY,786.1485,690
2026-01-02T09:32:17,QQQ,677.5968,649
2026-01-02T09:32:18,AAPL,285.0834,317
2026-01-02T09:32:18,MSFT,373.7677,878
2026-01-02T09:32:18,NVDA,193.3836,178
2026-01-02T09:32:18,TSLA,252.9336,390
2026-01-02T09:32:18,AMD,166.4178,475
2026-01-02T09:32:18,AMZN,269.5702,572
2026-01-02T09:32:18,META,526.0983,699
2026-01-02T09:32:18,GOOGL,388.3649,706
2026-01-02T09:32:18,SPY,786.4955,541
2026-01-02T09:32:18,QQQ,678.8260,406
2026-01-02T09:32:19,AAPL,285.0583,818
2026-01-02T09:32:19,MSFT,374.1268,369
2026-01-02T09:32:19,NVDA,193.1899,195
2026-01-02T09:32:19,TSLA,252.5812,864
2026-01-02T09:32:19,AMD,166.7364,695
2026-01-02T09:32:19,AMZN,269.4328,661
2026-01-02T09:32:19,META,526.2349,318
2026-01-02T09:32:19,GOOGL,388.5611,672
2026-01-02T09:32:19,SPY,786.4434,866
2026-01-02T09:32:19,QQQ,678.2652,491
2026-01-02T09:32:20,AAPL,285.2247,867
2026-01-02T09:32:20,MSFT,373.8531,682
2026-01-02T09:32:20,NVDA,193.4428,436
2026-01-02T09:32:20,TSLA,252.5475,820
2026-01-02T09:32:20,AMD,166.5789,224
2026-01-02T09:32:20,AMZN,269.2739,569
2026-01-02T09:32:20,META,525.6779,311
2026-01-02T09:32:20,GOOGL,388.4945,742
2026-01-02T09:32:20,SPY,786.7989,391
2026-01-02T09:32:20,QQQ,677.2113,360
2026-01-02T09:32:21,AAPL,285.0842,394
2026-01-02T09:32:21,MSFT,373.9700,475
2026-01-02T09:32:21,NVDA,193.5779,731
2026-01-02T09:32:21,TSLA,252.6200,108
2026-01-02T09:32:21,AMD,166.7640,136
2026-01-02T09:32:21,AMZN,269.1777,231
2026-01-02T09:32:21,META,524.8945,874
2026-01-02T09:32:21,GOOGL,387.8170,232
2026-01-02T09:32:21,SPY,785.3742,845
2026-01-02T09:32:21,QQQ,677.5665,211
2026-01-02T09:32:22,AAPL,285.0125,159
2026-01-02T09:32:22,MSFT,374.3440,897
2026-01-02T09:32:22,NVDA,193.4244,389
2026-01-02T09:32:22,TSLA,252.2305,250
2026-01-02T09:32:22,AMD,166.6328,897
2026-01-02T09:32:22,AMZN,269.3611,86
2026-01-02T09:32:22,META,525.4500,545
2026-01-02T09:32:22,GOOGL,387.8704,724
2026-01-02T09:32:22,SPY,787.4076,367
2026-01-02T09:32:22,QQQ,677.2615,327
2026-01-02T09:32:23,AAPL,285.2749,748
2026-01-02T09:32:23,MSFT,374.1860,528
2026-01-02T09:32:23,NVDA,193.5085,664
2026-01-02T09:32:23,TSLA,252.3814,630
2026-01-02T09:32:23,AMD,166.7185,414
2026-01-02T09:32:23,AMZN,269.8157,580
2026-01-02T09:32:23,META,525.0075,509
2026-01-02T09:32:23,GOOGL,388.3686,663
2026-01-02T09:32:23,SPY,787.4073,170
2026-01-02T09:32:23,QQQ,677.7906,562
2026-01-02T09:32:24,AAPL,285.2102,150
2026-01-02T09:32:24,MSFT,373.8689,463
2026-01-02T09:32:24,NVDA,193.6174,188
2026-01-02T09:32:24,TSLA,252.5008,683
2026-01-02T09:32:24,AMD,166.6434,100
2026-01-02T09:32:24,AMZN,269.2593,574
