timestamp,symbol,price,volume
2026-01-02T09:30:00,AAPL,99.9978,768.88
2026-01-02T09:30:00,MSFT,239.9989,926.36
2026-01-02T09:30:00,NVDA,479.9968,530.48
2026-01-02T09:30:01,AAPL,100.0028,751.88
2026-01-02T09:30:01,MSFT,239.9967,820.86
2026-01-02T09:30:01,NVDA,480.0026,1009.44
2026-01-02T09:30:02,AAPL,100.0127,819.89
2026-01-02T09:30:02,MSFT,239.9893,617.36
2026-01-02T09:30:02,NVDA,480.0088,1035.99
2026-01-02T09:30:03,AAPL,100.0133,780.86
2026-01-02T09:30:03,MSFT,239.9947,538.36
2026-01-02T09:30:03,NVDA,480.0010,888.27
2026-01-02T09:30:04,AAPL,100.0264,756.69
2026-01-02T09:30:04,MSFT,239.9984,844.68
2026-01-02T09:30:04,NVDA,480.0205,599.62
2026-01-02T09:30:05,AAPL,100.0349,527.39
2026-01-02T09:30:05,MSFT,239.9722,690.76
2026-01-02T09:30:05,NVDA,479.9977,957.68
2026-01-02T09:30:06,AAPL,100.0449,580.57
2026-01-02T09:30:06,MSFT,239.9807,619.60
2026-01-02T09:30:06,NVDA,479.9955,747.10
2026-01-02T09:30:07,AAPL,100.0466,947.35
2026-01-02T09:30:07,MSFT,239.9871,862.98
2026-01-02T09:30:07,NVDA,480.0118,886.13
2026-01-02T09:30:08,AAPL,100.0373,670.87
2026-01-02T09:30:08,MSFT,239.9824,889.88
2026-01-02T09:30:08,NVDA,480.0055,1220.44
2026-01-02T09:30:09,AAPL,100.0250,602.20
2026-01-02T09:30:09,MSFT,239.9901,1055.93
2026-01-02T09:30:09,NVDA,480.0182,950.45
2026-01-02T09:30:10,AAPL,100.0464,783.08
2026-01-02T09:30:10,MSFT,239.9759,704.23
2026-01-02T09:30:10,NVDA,480.0420,540.14
2026-01-02T09:30:11,AAPL,100.0469,845.58
2026-01-02T09:30:11,MSFT,239.9728,930.25
2026-01-02T09:30:11,NVDA,480.0566,1217.85
2026-01-02T09:30:12,AAPL,100.0562,690.31
2026-01-02T09:30:12,MSFT,239.9672,650.32
2026-01-02T09:30:12,NVDA,480.0804,697.97
2026-01-02T09:30:13,AAPL,100.0552,934.87
2026-01-02T09:30:13,MSFT,239.9600,747.14
2026-01-02T09:30:13,NVDA,480.0344,605.15
2026-01-02T09:30:14,AAPL,100.0467,874.84
2026-01-02T09:30:14,MSFT,239.9719,796.68
2026-01-02T09:30:14,NVDA,480.0409,830.23
2026-01-02T09:30:15,AAPL,100.0630,960.80
2026-01-02T09:30:15,MSFT,239.9747,618.03
2026-01-02T09:30:15,NVDA,480.0635,868.59
2026-01-02T09:30:16,AAPL,100.0814,794.62
2026-01-02T09:30:16,MSFT,239.9943,735.40
2026-01-02T09:30:16,NVDA,480.1034,820.72
2026-01-02T09:30:17,AAPL,100.0737,596.88
2026-01-02T09:30:17,MSFT,239.9928,1056.20
2026-01-02T09:30:17,NVDA,480.1238,924.00
2026-01-02T09:30:18,AAPL,100.0381,927.97
2026-01-02T09:30:18,MSFT,239.9984,701.01
2026-01-02T09:30:18,NVDA,480.1082,799.58
2026-01-02T09:30:19,AAPL,100.0640,610.08
2026-01-02T09:30:19,MSFT,239.9941,1045.12
2026-01-02T09:30:19,NVDA,480.0971,734.43
2026-01-02T09:30:20,AAPL,100.0655,576.57
2026-01-02T09:30:20,MSFT,239.9963,582.27
2026-01-02T09:30:20,NVDA,480.1192,800.57
2026-01-02T09:30:21,AAPL,100.0998,850.55
2026-01-02T09:30:21,MSFT,240.0100,565.41
2026-01-02T09:30:21,NVDA,480.1162,858.17
2026-01-02T09:30:22,AAPL,100.1260,497.44
2026-01-02T09:30:22,MSFT,240.0200,906.44
2026-01-02T09:30:22,NVDA,480.1546,928.23
2026-01-02T09:30:23,AAPL,100.1268,706.10
2026-01-02T09:30:23,MSFT,240.0075,835.18
2026-01-02T09:30:23,NVDA,480.1498,1163.65
2026-01-02T09:30:24,AAPL,100.1177,857.67
2026-01-02T09:30:24,MSFT,239.9919,728.82
2026-01-02T09:30:24,NVDA,480.1564,948.31
2026-01-02T09:30:25,AAPL,100.1395,792.05
2026-01-02T09:30:25,MSFT,239.9808,882.41
2026-01-02T09:30:25,NVDA,480.1694,888.50
2026-01-02T09:30:26,AAPL,100.1290,1004.01
2026-01-02T09:30:26,MSFT,239.9817,925.97
2026-01-02T09:30:26,NVDA,480.2013,909.67
2026-01-02T09:30:27,AAPL,100.1334,1187.50
2026-01-02T09:30:27,MSFT,239.9842,746.73
2026-01-02T09:30:27,NVDA,480.2041,1066.90
2026-01-02T09:30:28,AAPL,100.1352,893.49
2026-01-02T09:30:28,MSFT,239.9962,707.69
2026-01-02T09:30:28,NVDA,480.1610,853.90
2026-01-02T09:30:29,AAPL,100.1387,690.56
2026-01-02T09:30:29,MSFT,240.0049,909.36
2026-01-02T09:30:29,NVDA,480.1362,893.28
2026-01-02T09:30:30,AAPL,100.1358,533.06
2026-01-02T09:30:30,MSFT,240.0095,791.86
2026-01-02T09:30:30,NVDA,480.1176,894.13
2026-01-02T09:30:31,AAPL,100.1432,696.04
2026-01-02T09:30:31,MSFT,240.0135,982.71
2026-01-02T09:30:31,NVDA,480.0998,868.56
2026-01-02T09:30:32,AAPL,100.1433,1207.88
2026-01-02T09:30:32,MSFT,239.9950,925.15
2026-01-02T09:30:32,NVDA,480.0922,781.96
2026-01-02T09:30:33,AAPL,100.1718,798.46
2026-01-02T09:30:33,MSFT,240.0174,720.41
2026-01-02T09:30:33,NVDA,480.1010,711.65
2026-01-02T09:30:34,AAPL,100.1615,811.25
2026-01-02T09:30:34,MSFT,240.0147,836.45
2026-01-02T09:30:34,NVDA,480.0484,1160.44
2026-01-02T09:30:35,AAPL,100.1591,1113.72
2026-01-02T09:30:35,MSFT,240.0047,852.66
2026-01-02T09:30:35,NVDA,480.1276,643.45
2026-01-02T09:30:36,AAPL,100.1367,701.63
2026-01-02T09:30:36,MSFT,240.0094,924.80
2026-01-02T09:30:36,NVDA,480.1599,753.74
2026-01-02T09:30:37,AAPL,100.1127,721.69
2026-01-02T09:30:37,MSFT,240.0219,883.82
2026-01-02T09:30:37,NVDA,480.1111,793.69
2026-01-02T09:30:38,AAPL,100.1338,1182.78
2026-01-02T09:30:38,MSFT,240.0276,855.67
2026-01-02T09:30:38,NVDA,480.0801,648.22
2026-01-02T09:30:39,AAPL,100.1345,890.58
2026-01-02T09:30:39,MSFT,240.0334,713.92
2026-01-02T09:30:39,NVDA,480.0514,660.00
2026-01-02T09:30:40,AAPL,100.1172,915.81
2026-01-02T09:30:40,MSFT,240.0104,740.01
2026-01-02T09:30:40,NVDA,480.0627,1073.96
2026-01-02T09:30:41,AAPL,100.1184,980.23
2026-01-02T09:30:41,MSFT,240.0065,666.01
2026-01-02T09:30:41,NVDA,480.0459,1074.92
2026-01-02T09:30:42,AAPL,100.1334,887.73
2026-01-02T09:30:42,MSFT,240.0398,794.18
2026-01-02T09:30:42,NVDA,480.0615,855.37
2026-01-02T09:30:43,AAPL,100.1301,1216.91
2026-01-02T09:30:43,MSFT,240.0550,548.09
2026-01-02T09:30:43,NVDA,480.0516,877.10
2026-01-02T09:30:44,AAPL,100.1419,557.28
2026-01-02T09:30:44,MSFT,240.0325,456.85
2026-01-02T09:30:44,NVDA,480.0499,781.42
2026-01-02T09:30:45,AAPL,100.1472,661.46
2026-01-02T09:30:45,MSFT,240.0203,435.85
2026-01-02T09:30:45,NVDA,480.0582,866.61
2026-01-02T09:30:46,AAPL,100.1621,942.34
2026-01-02T09:30:46,MSFT,240.0185,1042.87
2026-01-02T09:30:46,NVDA,480.0548,681.05
2026-01-02T09:30:47,AAPL,100.1544,694.73
2026-01-02T09:30:47,MSFT,239.9969,828.14
2026-01-02T09:30:47,NVDA,480.0611,734.79
2026-01-02T09:30:48,AAPL,100.1438,866.92
2026-01-02T09:30:48,MSFT,240.0141,806.89
2026-01-02T09:30:48,NVDA,480.0485,693.54
2026-01-02T09:30:49,AAPL,100.1428,572.34
2026-01-02T09:30:49,MSFT,240.0130,811.01
2026-01-02T09:30:49,NVDA,480.0947,969.83
2026-01-02T09:30:50,AAPL,100.1584,671.67
2026-01-02T09:30:50,MSFT,240.0197,594.91
2026-01-02T09:30:50,NVDA,480.1026,875.37
2026-01-02T09:30:51,AAPL,100.1470,1159.89
2026-01-02T09:30:51,MSFT,240.0255,457.51
2026-01-02T09:30:51,NVDA,480.1165,726.67
2026-01-02T09:30:52,AAPL,100.1471,883.84
2026-01-02T09:30:52,MSFT,240.0295,432.95
2026-01-02T09:30:52,NVDA,480.0876,939.07
2026-01-02T09:30:53,AAPL,100.1667,1142.57
2026-01-02T09:30:53,MSFT,240.0476,430.00
2026-01-02T09:30:53,NVDA,480.1070,455.07
2026-01-02T09:30:54,AAPL,100.1910,845.60
2026-01-02T09:30:54,MSFT,240.0363,1161.78
2026-01-02T09:30:54,NVDA,480.1231,459.59
2026-01-02T09:30:55,AAPL,100.1955,668.39
2026-01-02T09:30:55,MSFT,240.0375,716.26
2026-01-02T09:30:55,NVDA,480.1576,543.81
2026-01-02T09:30:56,AAPL,100.2003,1126.55
2026-01-02T09:30:56,MSFT,240.0293,837.92
2026-01-02T09:30:56,NVDA,480.1627,675.85
2026-01-02T09:30:57,AAPL,100.2101,817.47
2026-01-02T09:30:57,MSFT,240.0199,1117.16
2026-01-02T09:30:57,NVDA,480.1826,769.92
2026-01-02T09:30:58,AAPL,100.2007,658.81
2026-01-02T09:30:58,MSFT,240.0323,773.63
2026-01-02T09:30:58,NVDA,480.1942,766.80
2026-01-02T09:30:59,AAPL,100.2100,779.12
2026-01-02T09:30:59,MSFT,240.0401,767.02
2026-01-02T09:30:59,NVDA,480.2150,921.03
2026-01-02T09:31:00,AAPL,100.2083,645.24
2026-01-02T09:31:00,MSFT,240.0308,666.67
2026-01-02T09:31:00,NVDA,480.1905,955.84
2026-01-02T09:31:01,AAPL,100.2077,1082.62
2026-01-02T09:31:01,MSFT,240.0537,804.36
2026-01-02T09:31:01,NVDA,480.1519,731.34
2026-01-02T09:31:02,AAPL,100.2067,532.08
2026-01-02T09:31:02,MSFT,240.0512,851.65
2026-01-02T09:31:02,NVDA,480.1405,661.68
2026-01-02T09:31:03,AAPL,100.1954,1121.60
2026-01-02T09:31:03,MSFT,240.0497,650.61
2026-01-02T09:31:03,NVDA,480.1312,971.78
2026-01-02T09:31:04,AAPL,100.1852,886.73
2026-01-02T09:31:04,MSFT,240.0571,934.84
2026-01-02T09:31:04,NVDA,480.1663,700.91
2026-01-02T09:31:05,AAPL,100.2023,657.29
2026-01-02T09:31:05,MSFT,240.0533,1015.30
2026-01-02T09:31:05,NVDA,480.1870,800.38
2026-01-02T09:31:06,AAPL,100.1846,901.10
2026-01-02T09:31:06,MSFT,240.0470,633.70
2026-01-02T09:31:06,NVDA,480.1709,844.37
2026-01-02T09:31:07,AAPL,100.1528,864.94
2026-01-02T09:31:07,MSFT,240.0489,694.79
2026-01-02T09:31:07,NVDA,480.1969,910.06
2026-01-02T09:31:08,AAPL,100.1439,679.40
2026-01-02T09:31:08,MSFT,240.0559,527.11
2026-01-02T09:31:08,NVDA,480.1887,686.41
2026-01-02T09:31:09,AAPL,100.1450,838.00
2026-01-02T09:31:09,MSFT,240.0564,1004.27
2026-01-02T09:31:09,NVDA,480.1945,743.30
2026-01-02T09:31:10,AAPL,100.1269,929.93
2026-01-02T09:31:10,MSFT,240.0618,1061.15
2026-01-02T09:31:10,NVDA,480.1759,804.76
2026-01-02T09:31:11,AAPL,100.1262,784.23
2026-01-02T09:31:11,MSFT,240.0620,491.38
2026-01-02T09:31:11,NVDA,480.1967,917.58
2026-01-02T09:31:12,AAPL,100.1432,1204.92
2026-01-02T09:31:12,MSFT,240.0589,793.49
2026-01-02T09:31:12,NVDA,480.1970,1149.59
2026-01-02T09:31:13,AAPL,100.1174,887.44
2026-01-02T09:31:13,MSFT,240.0443,335.32
2026-01-02T09:31:13,NVDA,480.1466,551.28
2026-01-02T09:31:14,AAPL,100.1335,643.70
2026-01-02T09:31:14,MSFT,240.0422,590.57
2026-01-02T09:31:14,NVDA,480.1620,601.65
2026-01-02T09:31:15,AAPL,100.1534,621.24
2026-01-02T09:31:15,MSFT,240.0346,822.09
2026-01-02T09:31:15,NVDA,480.1627,1056.44
2026-01-02T09:31:16,AAPL,100.1553,582.59
2026-01-02T09:31:16,MSFT,240.0291,696.90
2026-01-02T09:31:16,NVDA,480.1809,869.08
2026-01-02T09:31:17,AAPL,100.1536,956.53
2026-01-02T09:31:17,MSFT,240.0240,775.48
2026-01-02T09:31:17,NVDA,480.1856,1075.07
2026-01-02T09:31:18,AAPL,100.1523,736.86
2026-01-02T09:31:18,MSFT,240.0136,923.49
2026-01-02T09:31:18,NVDA,480.1710,861.86
2026-01-02T09:31:19,AAPL,100.1239,987.77
2026-01-02T09:31:19,MSFT,240.0004,660.08
2026-01-02T09:31:19,NVDA,480.1976,559.80
2026-01-02T09:31:20,AAPL,100.1228,813.37
2026-01-02T09:31:20,MSFT,239.9905,1041.73
2026-01-02T09:31:20,NVDA,480.2352,445.11
2026-01-02T09:31:21,AAPL,100.1012,945.48
2026-01-02T09:31:21,MSFT,239.9776,730.05
2026-01-02T09:31:21,NVDA,480.2385,924.53
2026-01-02T09:31:22,AAPL,100.0979,817.14
2026-01-02T09:31:22,MSFT,239.9700,1032.63
2026-01-02T09:31:22,NVDA,480.2263,861.15
2026-01-02T09:31:23,AAPL,100.0904,819.14
2026-01-02T09:31:23,MSFT,239.9684,770.76
2026-01-02T09:31:23,NVDA,480.2010,943.35
2026-01-02T09:31:24,AAPL,100.1117,843.77
2026-01-02T09:31:24,MSFT,239.9759,950.85
2026-01-02T09:31:24,NVDA,480.2244,854.60
2026-01-02T09:31:25,AAPL,100.1150,955.52
2026-01-02T09:31:25,MSFT,239.9767,624.69
2026-01-02T09:31:25,NVDA,480.2251,460.09
2026-01-02T09:31:26,AAPL,100.1151,874.41
2026-01-02T09:31:26,MSFT,239.9892,827.23
2026-01-02T09:31:26,NVDA,480.2484,799.90
2026-01-02T09:31:27,AAPL,100.0998,545.95
2026-01-02T09:31:27,MSFT,239.9796,554.09
2026-01-02T09:31:27,NVDA,480.2644,762.63
2026-01-02T09:31:28,AAPL,100.1085,813.22
2026-01-02T09:31:28,MSFT,239.9902,990.83
2026-01-02T09:31:28,NVDA,480.2484,750.62
2026-01-02T09:31:29,AAPL,100.1006,508.16
2026-01-02T09:31:29,MSFT,239.9970,1013.98
2026-01-02T09:31:29,NVDA,480.2483,711.23
2026-01-02T09:31:30,AAPL,100.1171,377.91
2026-01-02T09:31:30,MSFT,239.9989,825.79
2026-01-02T09:31:30,NVDA,480.2342,1050.48
2026-01-02T09:31:31,AAPL,100.1318,752.99
2026-01-02T09:31:31,MSFT,239.9982,730.16
2026-01-02T09:31:31,NVDA,480.2215,564.52
2026-01-02T09:31:32,AAPL,100.1527,985.04
2026-01-02T09:31:32,MSFT,240.0063,603.02
2026-01-02T09:31:32,NVDA,480.2736,1156.43
2026-01-02T09:31:33,AAPL,100.1556,637.24
2026-01-02T09:31:33,MSFT,239.9978,875.34
2026-01-02T09:31:33,NVDA,480.2510,793.84
2026-01-02T09:31:34,AAPL,100.1721,528.77
2026-01-02T09:31:34,MSFT,240.0180,1082.01
2026-01-02T09:31:34,NVDA,480.2202,545.54
2026-01-02T09:31:35,AAPL,100.1679,614.39
2026-01-02T09:31:35,MSFT,240.0154,335.39
2026-01-02T09:31:35,NVDA,480.2146,1124.51
2026-01-02T09:31:36,AAPL,100.1513,750.85
2026-01-02T09:31:36,MSFT,240.0007,914.88
2026-01-02T09:31:36,NVDA,480.2091,1149.33
2026-01-02T09:31:37,AAPL,100.1546,733.01
2026-01-02T09:31:37,MSFT,240.0063,708.88
2026-01-02T09:31:37,NVDA,480.1757,854.35
2026-01-02T09:31:38,AAPL,100.1521,829.94
2026-01-02T09:31:38,MSFT,240.0102,708.14
2026-01-02T09:31:38,NVDA,480.1864,1112.79
2026-01-02T09:31:39,AAPL,100.1356,1112.74
2026-01-02T09:31:39,MSFT,240.0079,662.01
2026-01-02T09:31:39,NVDA,480.2472,827.90
2026-01-02T09:31:40,AAPL,100.1563,947.17
2026-01-02T09:31:40,MSFT,239.9912,821.75
2026-01-02T09:31:40,NVDA,480.2342,558.48
2026-01-02T09:31:41,AAPL,100.1298,818.41
2026-01-02T09:31:41,MSFT,239.9973,870.32
2026-01-02T09:31:41,NVDA,480.2267,656.27
2026-01-02T09:31:42,AAPL,100.1152,700.07
2026-01-02T09:31:42,MSFT,239.9871,763.41
2026-01-02T09:31:42,NVDA,480.2263,638.72
2026-01-02T09:31:43,AAPL,100.1118,663.14
2026-01-02T09:31:43,MSFT,239.9872,891.28
2026-01-02T09:31:43,NVDA,480.2308,884.99
2026-01-02T09:31:44,AAPL,100.0872,731.83
2026-01-02T09:31:44,MSFT,239.9901,915.41
2026-01-02T09:31:44,NVDA,480.1910,828.65
2026-01-02T09:31:45,AAPL,100.1054,767.85
2026-01-02T09:31:45,MSFT,239.9893,881.08
2026-01-02T09:31:45,NVDA,480.1973,921.43
2026-01-02T09:31:46,AAPL,100.1066,827.45
2026-01-02T09:31:46,MSFT,239.9816,769.32
2026-01-02T09:31:46,NVDA,480.2288,763.25
2026-01-02T09:31:47,AAPL,100.1042,711.53
2026-01-02T09:31:47,MSFT,239.9896,646.16
2026-01-02T09:31:47,NVDA,480.2517,631.34
2026-01-02T09:31:48,AAPL,100.0885,837.07
2026-01-02T09:31:48,MSFT,239.9910,853.56
2026-01-02T09:31:48,NVDA,480.2784,725.75
2026-01-02T09:31:49,AAPL,100.0953,636.23
2026-01-02T09:31:49,MSFT,240.0038,913.84
2026-01-02T09:31:49,NVDA,480.2920,833.82
2026-01-02T09:31:50,AAPL,100.0837,741.07
2026-01-02T09:31:50,MSFT,240.0089,796.55
2026-01-02T09:31:50,NVDA,480.2952,555.23
2026-01-02T09:31:51,AAPL,100.0865,675.45
2026-01-02T09:31:51,MSFT,239.9982,772.16
2026-01-02T09:31:51,NVDA,480.2489,925.74
2026-01-02T09:31:52,AAPL,100.0994,790.38
2026-01-02T09:31:52,MSFT,239.9884,629.83
2026-01-02T09:31:52,NVDA,480.2453,363.73
2026-01-02T09:31:53,AAPL,100.1023,919.60
2026-01-02T09:31:53,MSFT,239.9855,711.01
2026-01-02T09:31:53,NVDA,480.2500,863.12
2026-01-02T09:31:54,AAPL,100.1188,803.31
2026-01-02T09:31:54,MSFT,239.9787,716.97
2026-01-02T09:31:54,NVDA,480.2547,1080.12
2026-01-02T09:31:55,AAPL,100.1142,610.55
2026-01-02T09:31:55,MSFT,239.9701,422.66
2026-01-02T09:31:55,NVDA,480.2631,554.96
2026-01-02T09:31:56,AAPL,100.0958,444.32
2026-01-02T09:31:56,MSFT,239.9591,902.31
2026-01-02T09:31:56,NVDA,480.2304,485.06
2026-01-02T09:31:57,AAPL,100.0986,738.59
2026-01-02T09:31:57,MSFT,239.9636,933.30
2026-01-02T09:31:57,NVDA,480.2304,566.40
2026-01-02T09:31:58,AAPL,100.0969,890.05
2026-01-02T09:31:58,MSFT,239.9579,541.26
2026-01-02T09:31:58,NVDA,480.2581,725.26
2026-01-02T09:31:59,AAPL,100.0909,802.87
2026-01-02T09:31:59,MSFT,239.9683,847.45
2026-01-02T09:31:59,NVDA,480.2499,922.78
2026-01-02T09:32:00,AAPL,100.1233,1049.80
2026-01-02T09:32:00,MSFT,239.9752,597.99
2026-01-02T09:32:00,NVDA,480.3438,584.24
2026-01-02T09:32:01,AAPL,100.1179,674.02
2026-01-02T09:32:01,MSFT,239.9916,875.64
2026-01-02T09:32:01,NVDA,480.3083,848.17
2026-01-02T09:32:02,AAPL,100.1262,742.67
2026-01-02T09:32:02,MSFT,239.9796,669.49
2026-01-02T09:32:02,NVDA,480.2975,804.09
2026-01-02T09:32:03,AAPL,100.1186,932.34
2026-01-02T09:32:03,MSFT,239.9702,488.35
2026-01-02T09:32:03,NVDA,480.2792,1042.80
2026-01-02T09:32:04,AAPL,100.1101,1221.35
2026-01-02T09:32:04,MSFT,239.9753,590.40
2026-01-02T09:32:04,NVDA,480.2585,843.81
2026-01-02T09:32:05,AAPL,100.0926,1227.42
2026-01-02T09:32:05,MSFT,239.9655,922.57
2026-01-02T09:32:05,NVDA,480.2951,780.34
2026-01-02T09:32:06,AAPL,100.0778,750.85
2026-01-02T09:32:06,MSFT,239.9693,957.64
2026-01-02T09:32:06,NVDA,480.2967,547.96
2026-01-02T09:32:07,AAPL,100.0786,678.80
2026-01-02T09:32:07,MSFT,239.9476,674.44
2026-01-02T09:32:07,NVDA,480.2610,905.63
2026-01-02T09:32:08,AAPL,100.1079,1134.58
2026-01-02T09:32:08,MSFT,239.9420,715.87
2026-01-02T09:32:08,NVDA,480.2784,991.03
2026-01-02T09:32:09,AAPL,100.1018,774.33
2026-01-02T09:32:09,MSFT,239.9642,780.66
2026-01-02T09:32:09,NVDA,480.2664,821.58
2026-01-02T09:32:10,AAPL,100.1106,616.10
2026-01-02T09:32:10,MSFT,239.9619,590.06
2026-01-02T09:32:10,NVDA,480.2596,1137.85
2026-01-02T09:32:11,AAPL,100.1219,783.34
2026-01-02T09:32:11,MSFT,239.9527,743.95
2026-01-02T09:32:11,NVDA,480.2860,698.90
2026-01-02T09:32:12,AAPL,100.1438,552.75
2026-01-02T09:32:12,MSFT,239.9500,1113.70
2026-01-02T09:32:12,NVDA,480.2360,1013.91
2026-01-02T09:32:13,AAPL,100.1162,783.79
2026-01-02T09:32:13,MSFT,239.9484,948.37
2026-01-02T09:32:13,NVDA,480.1573,454.79
2026-01-02T09:32:14,AAPL,100.1078,806.64
2026-01-02T09:32:14,MSFT,239.9396,760.24
2026-01-02T09:32:14,NVDA,480.1278,727.77
2026-01-02T09:32:15,AAPL,100.0953,843.92
2026-01-02T09:32:15,MSFT,239.9456,1057.93
2026-01-02T09:32:15,NVDA,480.1115,742.76
2026-01-02T09:32:16,AAPL,100.0961,746.91
2026-01-02T09:32:16,MSFT,239.9452,518.81
2026-01-02T09:32:16,NVDA,480.1209,635.27
2026-01-02T09:32:17,AAPL,100.0819,514.14
2026-01-02T09:32:17,MSFT,239.9570,774.69
2026-01-02T09:32:17,NVDA,480.1498,849.01
2026-01-02T09:32:18,AAPL,100.0565,604.93
2026-01-02T09:32:18,MSFT,239.9647,662.18
2026-01-02T09:32:18,NVDA,480.1227,767.71
2026-01-02T09:32:19,AAPL,100.0540,617.86
2026-01-02T09:32:19,MSFT,239.9616,713.87
2026-01-02T09:32:19,NVDA,480.0581,890.48
2026-01-02T09:32:20,AAPL,100.0420,1034.80
2026-01-02T09:32:20,MSFT,239.9502,515.67
2026-01-02T09:32:20,NVDA,480.0880,514.69
2026-01-02T09:32:21,AAPL,100.0326,907.52
2026-01-02T09:32:21,MSFT,239.9471,502.02
2026-01-02T09:32:21,NVDA,480.0928,765.02
2026-01-02T09:32:22,AAPL,100.0520,905.96
2026-01-02T09:32:22,MSFT,239.9776,503.74
2026-01-02T09:32:22,NVDA,480.0924,608.00
2026-01-02T09:32:23,AAPL,100.0695,947.93
2026-01-02T09:32:23,MSFT,239.9853,660.08
2026-01-02T09:32:23,NVDA,480.0739,434.66
2026-01-02T09:32:24,AAPL,100.0953,891.48
2026-01-02T09:32:24,MSFT,239.9828,968.03
2026-01-02T09:32:24,NVDA,480.0929,975.55
2026-01-02T09:32:25,AAPL,100.0711,671.51
2026-01-02T09:32:25,MSFT,239.9849,863.98
2026-01-02T09:32:25,NVDA,480.1170,618.45
2026-01-02T09:32:26,AAPL,100.0731,1196.96
2026-01-02T09:32:26,MSFT,239.9920,956.70
2026-01-02T09:32:26,NVDA,480.1166,938.17
2026-01-02T09:32:27,AAPL,100.1004,819.20
2026-01-02T09:32:27,MSFT,240.0044,642.47
2026-01-02T09:32:27,NVDA,480.1315,962.76
2026-01-02T09:32:28,AAPL,100.0892,997.66
2026-01-02T09:32:28,MSFT,239.9978,655.06
2026-01-02T09:32:28,NVDA,480.1316,1147.76
2026-01-02T09:32:29,AAPL,100.0940,968.44
2026-01-02T09:32:29,MSFT,239.9906,813.95
2026-01-02T09:32:29,NVDA,480.1024,697.20
2026-01-02T09:32:30,AAPL,100.1067,793.09
2026-01-02T09:32:30,MSFT,240.0053,763.57
2026-01-02T09:32:30,NVDA,480.0976,1029.80
2026-01-02T09:32:31,AAPL,100.0971,526.44
2026-01-02T09:32:31,MSFT,240.0184,874.55
2026-01-02T09:32:31,NVDA,480.0436,808.02
2026-01-02T09:32:32,AAPL,100.0912,1114.07
2026-01-02T09:32:32,MSFT,240.0113,695.46
2026-01-02T09:32:32,NVDA,480.0210,610.27
2026-01-02T09:32:33,AAPL,100.0808,541.53
2026-01-02T09:32:33,MSFT,240.0011,510.81
2026-01-02T09:32:33,NVDA,479.9837,519.26
2026-01-02T09:32:34,AAPL,100.0732,676.94
2026-01-02T09:32:34,MSFT,239.9890,886.09
2026-01-02T09:32:34,NVDA,479.9827,722.24
2026-01-02T09:32:35,AAPL,100.0664,1086.72
2026-01-02T09:32:35,MSFT,239.9916,885.57
2026-01-02T09:32:35,NVDA,479.9181,682.33
2026-01-02T09:32:36,AAPL,100.0340,723.28
2026-01-02T09:32:36,MSFT,239.9955,678.63
2026-01-02T09:32:36,NVDA,479.9313,615.91
2026-01-02T09:32:37,AAPL,100.0427,520.35
2026-01-02T09:32:37,MSFT,239.9930,875.57
2026-01-02T09:32:37,NVDA,479.9448,777.09
2026-01-02T09:32:38,AAPL,100.0720,725.40
2026-01-02T09:32:38,MSFT,239.9886,303.29
2026-01-02T09:32:38,NVDA,479.9892,733.58
2026-01-02T09:32:39,AAPL,100.0545,1037.76
2026-01-02T09:32:39,MSFT,240.0011,819.50
2026-01-02T09:32:39,NVDA,479.9535,875.42
2026-01-02T09:32:40,AAPL,100.0453,589.26
2026-01-02T09:32:40,MSFT,240.0117,416.13
2026-01-02T09:32:40,NVDA,479.9678,882.68
2026-01-02T09:32:41,AAPL,100.0762,858.53
2026-01-02T09:32:41,MSFT,239.9913,649.50
2026-01-02T09:32:41,NVDA,479.9695,864.00
2026-01-02T09:32:42,AAPL,100.0911,447.26
2026-01-02T09:32:42,MSFT,239.9881,974.57
2026-01-02T09:32:42,NVDA,480.0083,1134.98
2026-01-02T09:32:43,AAPL,100.0854,997.57
2026-01-02T09:32:43,MSFT,240.0054,1015.65
2026-01-02T09:32:43,NVDA,480.0265,949.00
2026-01-02T09:32:44,AAPL,100.0737,539.50
2026-01-02T09:32:44,MSFT,240.0154,737.53
2026-01-02T09:32:44,NVDA,480.0260,695.83
2026-01-02T09:32:45,AAPL,100.0679,841.89
2026-01-02T09:32:45,MSFT,240.0053,812.33
2026-01-02T09:32:45,NVDA,480.0323,786.08
2026-01-02T09:32:46,AAPL,100.0569,941.59
2026-01-02T09:32:46,MSFT,240.0241,691.78
2026-01-02T09:32:46,NVDA,480.0633,960.07
2026-01-02T09:32:47,AAPL,100.0173,662.99
2026-01-02T09:32:47,MSFT,240.0179,940.72
2026-01-02T09:32:47,NVDA,480.0681,885.39
2026-01-02T09:32:48,AAPL,100.0269,638.19
2026-01-02T09:32:48,MSFT,240.0106,579.88
2026-01-02T09:32:48,NVDA,480.0640,778.56
2026-01-02T09:32:49,AAPL,100.0297,669.08
2026-01-02T09:32:49,MSFT,240.0198,965.08
2026-01-02T09:32:49,NVDA,480.1028,928.04
2026-01-02T09:32:50,AAPL,100.0326,921.04
2026-01-02T09:32:50,MSFT,240.0261,682.67
2026-01-02T09:32:50,NVDA,480.1352,1109.33
2026-01-02T09:32:51,AAPL,100.0624,806.34
2026-01-02T09:32:51,MSFT,240.0294,874.94
2026-01-02T09:32:51,NVDA,480.1353,911.47
2026-01-02T09:32:52,AAPL,100.0607,765.12
2026-01-02T09:32:52,MSFT,240.0472,829.65
2026-01-02T09:32:52,NVDA,480.1371,958.76
2026-01-02T09:32:53,AAPL,100.0631,852.49
2026-01-02T09:32:53,MSFT,240.0467,580.33
2026-01-02T09:32:53,NVDA,480.1365,595.36
2026-01-02T09:32:54,AAPL,100.0664,587.34
2026-01-02T09:32:54,MSFT,240.0560,934.86
2026-01-02T09:32:54,NVDA,480.1436,781.98
2026-01-02T09:32:55,AAPL,100.0728,446.30
2026-01-02T09:32:55,MSFT,240.0452,773.23
2026-01-02T09:32:55,NVDA,480.1524,785.71
2026-01-02T09:32:56,AAPL,100.0578,824.02
2026-01-02T09:32:56,MSFT,240.0408,607.65
2026-01-02T09:32:56,NVDA,480.1608,762.20
2026-01-02T09:32:57,AAPL,100.0759,919.80
2026-01-02T09:32:57,MSFT,240.0482,857.90
2026-01-02T09:32:57,NVDA,480.1398,631.59
2026-01-02T09:32:58,AAPL,100.0540,1318.22
2026-01-02T09:32:58,MSFT,240.0376,762.23
2026-01-02T09:32:58,NVDA,480.1309,749.40
2026-01-02T09:32:59,AAPL,100.0454,463.70
2026-01-02T09:32:59,MSFT,240.0277,549.68
2026-01-02T09:32:59,NVDA,480.1279,676.84
2026-01-02T09:33:00,AAPL,100.0352,838.86
2026-01-02T09:33:00,MSFT,240.0221,967.78
2026-01-02T09:33:00,NVDA,480.1183,840.53
2026-01-02T09:33:01,AAPL,100.0155,918.24
2026-01-02T09:33:01,MSFT,240.0181,873.58
2026-01-02T09:33:01,NVDA,480.1267,768.78
2026-01-02T09:33:02,AAPL,100.0189,730.65
2026-01-02T09:33:02,MSFT,240.0317,968.17
2026-01-02T09:33:02,NVDA,480.1389,587.57
2026-01-02T09:33:03,AAPL,100.0025,680.50
2026-01-02T09:33:03,MSFT,240.0294,880.64
2026-01-02T09:33:03,NVDA,480.1166,1011.87
2026-01-02T09:33:04,AAPL,100.0027,437.70
2026-01-02T09:33:04,MSFT,240.0248,334.67
2026-01-02T09:33:04,NVDA,480.0980,701.16
2026-01-02T09:33:05,AAPL,99.9937,741.45
2026-01-02T09:33:05,MSFT,240.0210,693.13
2026-01-02T09:33:05,NVDA,480.1357,1018.68
2026-01-02T09:33:06,AAPL,99.9767,1025.70
2026-01-02T09:33:06,MSFT,240.0049,653.37
2026-01-02T09:33:06,NVDA,480.1739,396.88
2026-01-02T09:33:07,AAPL,99.9854,574.37
2026-01-02T09:33:07,MSFT,240.0036,767.56
2026-01-02T09:33:07,NVDA,480.2165,654.09
2026-01-02T09:33:08,AAPL,99.9845,912.86
2026-01-02T09:33:08,MSFT,240.0012,652.03
2026-01-02T09:33:08,NVDA,480.2152,816.83
2026-01-02T09:33:09,AAPL,99.9979,630.25
2026-01-02T09:33:09,MSFT,239.9969,858.13
2026-01-02T09:33:09,NVDA,480.2111,766.65
2026-01-02T09:33:10,AAPL,99.9978,674.75
2026-01-02T09:33:10,MSFT,239.9890,879.33
2026-01-02T09:33:10,NVDA,480.1839,1009.77
2026-01-02T09:33:11,AAPL,100.0012,570.22
2026-01-02T09:33:11,MSFT,239.9919,830.11
2026-01-02T09:33:11,NVDA,480.2030,1008.59
2026-01-02T09:33:12,AAPL,99.9958,672.60
2026-01-02T09:33:12,MSFT,239.9860,623.40
2026-01-02T09:33:12,NVDA,480.1845,851.21
2026-01-02T09:33:13,AAPL,99.9962,711.56
2026-01-02T09:33:13,MSFT,239.9788,862.62
2026-01-02T09:33:13,NVDA,480.1721,612.77
2026-01-02T09:33:14,AAPL,99.9940,752.39
2026-01-02T09:33:14,MSFT,239.9682,948.89
2026-01-02T09:33:14,NVDA,480.1934,807.36
2026-01-02T09:33:15,AAPL,99.9961,894.92
2026-01-02T09:33:15,MSFT,239.9680,960.43
2026-01-02T09:33:15,NVDA,480.2349,814.49
2026-01-02T09:33:16,AAPL,100.0028,957.22
2026-01-02T09:33:16,MSFT,239.9647,596.91
2026-01-02T09:33:16,NVDA,480.2577,517.62
2026-01-02T09:33:17,AAPL,100.0298,956.68
2026-01-02T09:33:17,MSFT,239.9667,809.20
2026-01-02T09:33:17,NVDA,480.3016,629.68
2026-01-02T09:33:18,AAPL,100.0125,692.34
2026-01-02T09:33:18,MSFT,239.9642,618.84
2026-01-02T09:33:18,NVDA,480.3055,824.47
2026-01-02T09:33:19,AAPL,100.0004,1088.55
2026-01-02T09:33:19,MSFT,239.9504,570.19
2026-01-02T09:33:19,NVDA,480.3151,762.65
2026-01-02T09:33:20,AAPL,100.0068,688.59
2026-01-02T09:33:20,MSFT,239.9402,683.80
2026-01-02T09:33:20,NVDA,480.2981,894.50
2026-01-02T09:33:21,AAPL,99.9997,937.06
2026-01-02T09:33:21,MSFT,239.9462,987.31
2026-01-02T09:33:21,NVDA,480.3207,941.18
2026-01-02T09:33:22,AAPL,100.0114,707.00
2026-01-02T09:33:22,MSFT,239.9437,470.58
2026-01-02T09:33:22,NVDA,480.3281,678.72
2026-01-02T09:33:23,AAPL,100.0175,894.95
2026-01-02T09:33:23,MSFT,239.9303,617.51
2026-01-02T09:33:23,NVDA,480.3195,706.83
2026-01-02T09:33:24,AAPL,100.0201,592.02
2026-01-02T09:33:24,MSFT,239.9309,496.07
2026-01-02T09:33:24,NVDA,480.2658,929.00
2026-01-02T09:33:25,AAPL,100.0007,699.21
2026-01-02T09:33:25,MSFT,239.9168,546.40
2026-01-02T09:33:25,NVDA,480.2559,726.18
2026-01-02T09:33:26,AAPL,100.0155,880.91
2026-01-02T09:33:26,MSFT,239.9143,936.38
2026-01-02T09:33:26,NVDA,480.2839,874.03
2026-01-02T09:33:27,AAPL,100.0095,983.35
2026-01-02T09:33:27,MSFT,239.9321,918.90
2026-01-02T09:33:27,NVDA,480.3283,966.79
2026-01-02T09:33:28,AAPL,100.0224,603.77
2026-01-02T09:33:28,MSFT,239.9211,791.09
2026-01-02T09:33:28,NVDA,480.2867,693.27
2026-01-02T09:33:29,AAPL,100.0355,680.27
2026-01-02T09:33:29,MSFT,239.9266,556.77
2026-01-02T09:33:29,NVDA,480.2744,984.22
2026-01-02T09:33:30,AAPL,100.0387,852.25
2026-01-02T09:33:30,MSFT,239.9437,1033.42
2026-01-02T09:33:30,NVDA,480.2526,1037.22
2026-01-02T09:33:31,AAPL,100.0296,796.83
2026-01-02T09:33:31,MSFT,239.9440,993.15
2026-01-02T09:33:31,NVDA,480.2245,881.33
2026-01-02T09:33:32,AAPL,100.0376,946.07
2026-01-02T09:33:32,MSFT,239.9420,980.61
2026-01-02T09:33:32,NVDA,480.2068,1006.47
2026-01-02T09:33:33,AAPL,100.0430,547.99
2026-01-02T09:33:33,MSFT,239.9462,832.27
2026-01-02T09:33:33,NVDA,480.1980,667.47
2026-01-02T09:33:34,AAPL,100.0395,540.41
2026-01-02T09:33:34,MSFT,239.9632,596.91
2026-01-02T09:33:34,NVDA,480.1816,1006.08
2026-01-02T09:33:35,AAPL,100.0484,929.64
2026-01-02T09:33:35,MSFT,239.9784,743.81
2026-01-02T09:33:35,NVDA,480.1556,951.97
2026-01-02T09:33:36,AAPL,100.0604,741.16
2026-01-02T09:33:36,MSFT,239.9659,1023.05
2026-01-02T09:33:36,NVDA,480.1700,552.77
2026-01-02T09:33:37,AAPL,100.0722,540.62
2026-01-02T09:33:37,MSFT,239.9612,597.80
2026-01-02T09:33:37,NVDA,480.1542,650.00
2026-01-02T09:33:38,AAPL,100.0631,930.37
2026-01-02T09:33:38,MSFT,239.9642,913.17
2026-01-02T09:33:38,NVDA,480.1816,732.91
2026-01-02T09:33:39,AAPL,100.0644,896.87
2026-01-02T09:33:39,MSFT,239.9814,961.83
2026-01-02T09:33:39,NVDA,480.2162,983.41
2026-01-02T09:33:40,AAPL,100.0803,478.76
2026-01-02T09:33:40,MSFT,239.9903,838.33
2026-01-02T09:33:40,NVDA,480.2177,705.09
2026-01-02T09:33:41,AAPL,100.0741,874.91
2026-01-02T09:33:41,MSFT,239.9988,530.40
2026-01-02T09:33:41,NVDA,480.2232,699.08
2026-01-02T09:33:42,AAPL,100.0599,870.67
2026-01-02T09:33:42,MSFT,239.9956,681.37
2026-01-02T09:33:42,NVDA,480.2041,850.63
2026-01-02T09:33:43,AAPL,100.0598,603.50
2026-01-02T09:33:43,MSFT,239.9873,767.15
2026-01-02T09:33:43,NVDA,480.2143,611.05
2026-01-02T09:33:44,AAPL,100.0672,651.68
2026-01-02T09:33:44,MSFT,240.0146,630.62
2026-01-02T09:33:44,NVDA,480.1947,834.92
2026-01-02T09:33:45,AAPL,100.0538,948.97
2026-01-02T09:33:45,MSFT,240.0327,730.23
2026-01-02T09:33:45,NVDA,480.1991,706.80
2026-01-02T09:33:46,AAPL,100.0539,1057.71
2026-01-02T09:33:46,MSFT,240.0418,637.24
2026-01-02T09:33:46,NVDA,480.2378,1009.17
2026-01-02T09:33:47,AAPL,100.0613,681.34
2026-01-02T09:33:47,MSFT,240.0425,656.82
2026-01-02T09:33:47,NVDA,480.2496,743.04
2026-01-02T09:33:48,AAPL,100.0278,966.72
2026-01-02T09:33:48,MSFT,240.0445,994.13
2026-01-02T09:33:48,NVDA,480.2463,833.92
2026-01-02T09:33:49,AAPL,100.0446,869.80
2026-01-02T09:33:49,MSFT,240.0475,1378.59
2026-01-02T09:33:49,NVDA,480.2421,830.45
2026-01-02T09:33:50,AAPL,100.0707,655.10
2026-01-02T09:33:50,MSFT,240.0371,542.23
2026-01-02T09:33:50,NVDA,480.2556,912.61
2026-01-02T09:33:51,AAPL,100.0819,556.36
2026-01-02T09:33:51,MSFT,240.0473,1015.51
2026-01-02T09:33:51,NVDA,480.2532,805.86
2026-01-02T09:33:52,AAPL,100.0922,866.09
2026-01-02T09:33:52,MSFT,240.0538,604.50
2026-01-02T09:33:52,NVDA,480.2489,581.75
2026-01-02T09:33:53,AAPL,100.1017,895.44
2026-01-02T09:33:53,MSFT,240.0529,853.42
2026-01-02T09:33:53,NVDA,480.2101,954.43
2026-01-02T09:33:54,AAPL,100.0948,823.23
2026-01-02T09:33:54,MSFT,240.0641,663.83
2026-01-02T09:33:54,NVDA,480.2401,822.33
2026-01-02T09:33:55,AAPL,100.0953,900.09
2026-01-02T09:33:55,MSFT,240.0517,906.94
2026-01-02T09:33:55,NVDA,480.2417,986.53
2026-01-02T09:33:56,AAPL,100.0921,734.60
2026-01-02T09:33:56,MSFT,240.0555,789.31
2026-01-02T09:33:56,NVDA,480.2124,765.09
2026-01-02T09:33:57,AAPL,100.1112,783.24
2026-01-02T09:33:57,MSFT,240.0468,928.87
2026-01-02T09:33:57,NVDA,480.1662,418.35
2026-01-02T09:33:58,AAPL,100.1112,832.57
2026-01-02T09:33:58,MSFT,240.0491,639.30
2026-01-02T09:33:58,NVDA,480.1625,548.23
2026-01-02T09:33:59,AAPL,100.1146,509.24
2026-01-02T09:33:59,MSFT,240.0477,847.08
2026-01-02T09:33:59,NVDA,480.1186,705.95
2026-01-02T09:34:00,AAPL,100.1264,1078.81
2026-01-02T09:34:00,MSFT,240.0327,861.19
2026-01-02T09:34:00,NVDA,480.0878,557.85
2026-01-02T09:34:01,AAPL,100.1505,920.27
2026-01-02T09:34:01,MSFT,240.0248,839.42
2026-01-02T09:34:01,NVDA,480.1039,832.63
2026-01-02T09:34:02,AAPL,100.1842,909.04
2026-01-02T09:34:02,MSFT,239.9949,747.76
2026-01-02T09:34:02,NVDA,480.0856,763.25
2026-01-02T09:34:03,AAPL,100.1845,682.79
2026-01-02T09:34:03,MSFT,239.9841,1045.41
2026-01-02T09:34:03,NVDA,480.1006,679.27
2026-01-02T09:34:04,AAPL,100.1948,921.53
2026-01-02T09:34:04,MSFT,239.9968,610.04
2026-01-02T09:34:04,NVDA,480.1201,690.60
2026-01-02T09:34:05,AAPL,100.2121,765.36
2026-01-02T09:34:05,MSFT,239.9742,806.36
2026-01-02T09:34:05,NVDA,480.0756,760.91
2026-01-02T09:34:06,AAPL,100.2113,727.77
2026-01-02T09:34:06,MSFT,239.9594,599.17
2026-01-02T09:34:06,NVDA,480.0545,755.34
2026-01-02T09:34:07,AAPL,100.2307,927.64
2026-01-02T09:34:07,MSFT,239.9547,1029.30
2026-01-02T09:34:07,NVDA,480.0204,923.30
2026-01-02T09:34:08,AAPL,100.2281,842.54
2026-01-02T09:34:08,MSFT,239.9612,677.68
2026-01-02T09:34:08,NVDA,480.0405,798.32
2026-01-02T09:34:09,AAPL,100.2644,745.23
2026-01-02T09:34:09,MSFT,239.9739,916.48
2026-01-02T09:34:09,NVDA,480.0112,1044.91
2026-01-02T09:34:10,AAPL,100.2485,398.24
2026-01-02T09:34:10,MSFT,239.9825,992.41
2026-01-02T09:34:10,NVDA,480.0125,753.02
2026-01-02T09:34:11,AAPL,100.2723,928.14
2026-01-02T09:34:11,MSFT,239.9760,931.68
2026-01-02T09:34:11,NVDA,479.9815,699.39
2026-01-02T09:34:12,AAPL,100.2566,404.00
2026-01-02T09:34:12,MSFT,239.9643,1020.02
2026-01-02T09:34:12,NVDA,479.9541,700.99
2026-01-02T09:34:13,AAPL,100.2392,955.81
2026-01-02T09:34:13,MSFT,239.9643,888.33
2026-01-02T09:34:13,NVDA,479.9515,589.22
2026-01-02T09:34:14,AAPL,100.2247,950.71
2026-01-02T09:34:14,MSFT,239.9638,939.39
2026-01-02T09:34:14,NVDA,479.8725,999.82
2026-01-02T09:34:15,AAPL,100.2173,1191.11
2026-01-02T09:34:15,MSFT,239.9587,805.09
2026-01-02T09:34:15,NVDA,479.8890,642.36
2026-01-02T09:34:16,AAPL,100.2305,683.86
2026-01-02T09:34:16,MSFT,239.9717,942.78
2026-01-02T09:34:16,NVDA,479.9015,669.65
2026-01-02T09:34:17,AAPL,100.2273,853.98
2026-01-02T09:34:17,MSFT,239.9514,700.69
2026-01-02T09:34:17,NVDA,479.9250,571.73
2026-01-02T09:34:18,AAPL,100.2466,686.90
2026-01-02T09:34:18,MSFT,239.9546,593.42
2026-01-02T09:34:18,NVDA,479.9371,883.29
2026-01-02T09:34:19,AAPL,100.2636,1043.73
2026-01-02T09:34:19,MSFT,239.9672,837.61
2026-01-02T09:34:19,NVDA,479.9065,1038.28
2026-01-02T09:34:20,AAPL,100.2441,721.03
2026-01-02T09:34:20,MSFT,239.9746,879.84
2026-01-02T09:34:20,NVDA,479.9464,799.27
2026-01-02T09:34:21,AAPL,100.2188,750.45
2026-01-02T09:34:21,MSFT,239.9764,736.89
2026-01-02T09:34:21,NVDA,479.9817,755.43
2026-01-02T09:34:22,AAPL,100.1973,884.02
2026-01-02T09:34:22,MSFT,239.9650,1105.98
2026-01-02T09:34:22,NVDA,479.9885,547.41
2026-01-02T09:34:23,AAPL,100.2135,1226.46
2026-01-02T09:34:23,MSFT,239.9450,962.55
2026-01-02T09:34:23,NVDA,480.0006,831.62
2026-01-02T09:34:24,AAPL,100.2187,888.54
2026-01-02T09:34:24,MSFT,239.9381,1053.98
2026-01-02T09:34:24,NVDA,479.9669,1152.54
2026-01-02T09:34:25,AAPL,100.2417,586.50
2026-01-02T09:34:25,MSFT,239.9380,1055.57
2026-01-02T09:34:25,NVDA,479.9547,770.77
2026-01-02T09:34:26,AAPL,100.2356,1010.15
2026-01-02T09:34:26,MSFT,239.9320,798.23
2026-01-02T09:34:26,NVDA,479.9682,762.63
2026-01-02T09:34:27,AAPL,100.2227,558.52
2026-01-02T09:34:27,MSFT,239.9168,587.64
2026-01-02T09:34:27,NVDA,479.9252,669.16
2026-01-02T09:34:28,AAPL,100.2272,809.74
2026-01-02T09:34:28,MSFT,239.9086,616.76
2026-01-02T09:34:28,NVDA,479.9004,550.18
2026-01-02T09:34:29,AAPL,100.2087,928.59
2026-01-02T09:34:29,MSFT,239.8946,803.12
2026-01-02T09:34:29,NVDA,479.8850,1237.03
2026-01-02T09:34:30,AAPL,100.1818,834.79
2026-01-02T09:34:30,MSFT,239.8912,661.20
2026-01-02T09:34:30,NVDA,479.8929,828.01
2026-01-02T09:34:31,AAPL,100.1657,876.73
2026-01-02T09:34:31,MSFT,239.8952,1035.70
2026-01-02T09:34:31,NVDA,479.8777,1064.68
2026-01-02T09:34:32,AAPL,100.1628,444.32
2026-01-02T09:34:32,MSFT,239.9004,785.31
2026-01-02T09:34:32,NVDA,479.8556,967.98
2026-01-02T09:34:33,AAPL,100.1557,983.04
2026-01-02T09:34:33,MSFT,239.8996,935.06
2026-01-02T09:34:33,NVDA,479.8726,885.17
2026-01-02T09:34:34,AAPL,100.1403,965.55
2026-01-02T09:34:34,MSFT,239.8998,1160.41
2026-01-02T09:34:34,NVDA,479.8846,935.20
2026-01-02T09:34:35,AAPL,100.1288,726.89
2026-01-02T09:34:35,MSFT,239.9008,589.31
2026-01-02T09:34:35,NVDA,479.8554,780.46
2026-01-02T09:34:36,AAPL,100.1277,836.37
2026-01-02T09:34:36,MSFT,239.9120,727.94
2026-01-02T09:34:36,NVDA,479.8724,773.97
2026-01-02T09:34:37,AAPL,100.1248,846.27
2026-01-02T09:34:37,MSFT,239.8913,811.94
2026-01-02T09:34:37,NVDA,479.8565,632.63
2026-01-02T09:34:38,AAPL,100.0965,720.28
2026-01-02T09:34:38,MSFT,239.8726,956.62
2026-01-02T09:34:38,NVDA,479.8505,497.23
2026-01-02T09:34:39,AAPL,100.0864,935.89
2026-01-02T09:34:39,MSFT,239.8666,749.38
2026-01-02T09:34:39,NVDA,479.8413,776.91
2026-01-02T09:34:40,AAPL,100.0609,791.82
2026-01-02T09:34:40,MSFT,239.8610,1331.68
2026-01-02T09:34:40,NVDA,479.8359,717.99
2026-01-02T09:34:41,AAPL,100.0757,771.91
2026-01-02T09:34:41,MSFT,239.8636,642.66
2026-01-02T09:34:41,NVDA,479.8748,687.02
2026-01-02T09:34:42,AAPL,100.0813,1003.82
2026-01-02T09:34:42,MSFT,239.8605,799.97
2026-01-02T09:34:42,NVDA,479.8895,922.88
2026-01-02T09:34:43,AAPL,100.0650,832.67
2026-01-02T09:34:43,MSFT,239.8511,665.83
2026-01-02T09:34:43,NVDA,479.8733,1018.88
2026-01-02T09:34:44,AAPL,100.0889,1268.98
2026-01-02T09:34:44,MSFT,239.8505,648.55
2026-01-02T09:34:44,NVDA,479.8490,1089.35
2026-01-02T09:34:45,AAPL,100.0659,742.95
2026-01-02T09:34:45,MSFT,239.8448,1115.00
2026-01-02T09:34:45,NVDA,479.8237,998.30
2026-01-02T09:34:46,AAPL,100.0856,769.98
2026-01-02T09:34:46,MSFT,239.8495,523.03
2026-01-02T09:34:46,NVDA,479.8215,761.30
2026-01-02T09:34:47,AAPL,100.0469,874.77
2026-01-02T09:34:47,MSFT,239.8530,495.19
2026-01-02T09:34:47,NVDA,479.7862,665.13
2026-01-02T09:34:48,AAPL,100.0389,744.85
2026-01-02T09:34:48,MSFT,239.8434,618.59
2026-01-02T09:34:48,NVDA,479.7938,714.46
2026-01-02T09:34:49,AAPL,100.0373,758.66
2026-01-02T09:34:49,MSFT,239.8480,772.23
2026-01-02T09:34:49,NVDA,479.8154,818.54
2026-01-02T09:34:50,AAPL,100.0506,1024.47
2026-01-02T09:34:50,MSFT,239.8334,965.96
2026-01-02T09:34:50,NVDA,479.8599,624.94
2026-01-02T09:34:51,AAPL,100.0501,735.70
2026-01-02T09:34:51,MSFT,239.8378,893.60
2026-01-02T09:34:51,NVDA,479.8432,1036.26
2026-01-02T09:34:52,AAPL,100.0373,775.10
2026-01-02T09:34:52,MSFT,239.8480,1151.62
2026-01-02T09:34:52,NVDA,479.8303,940.81
2026-01-02T09:34:53,AAPL,100.0405,515.16
2026-01-02T09:34:53,MSFT,239.8384,583.14
2026-01-02T09:34:53,NVDA,479.8177,724.98
2026-01-02T09:34:54,AAPL,100.0409,1029.98
2026-01-02T09:34:54,MSFT,239.8426,1277.55
2026-01-02T09:34:54,NVDA,479.8116,942.07
2026-01-02T09:34:55,AAPL,100.0471,1071.18
2026-01-02T09:34:55,MSFT,239.8388,952.15
2026-01-02T09:34:55,NVDA,479.8523,670.25
2026-01-02T09:34:56,AAPL,100.0460,890.78
2026-01-02T09:34:56,MSFT,239.8345,642.46
2026-01-02T09:34:56,NVDA,479.8981,758.66
2026-01-02T09:34:57,AAPL,100.0720,708.48
2026-01-02T09:34:57,MSFT,239.8324,943.49
2026-01-02T09:34:57,NVDA,479.8930,638.20
2026-01-02T09:34:58,AAPL,100.0612,849.08
2026-01-02T09:34:58,MSFT,239.8257,815.85
2026-01-02T09:34:58,NVDA,479.8365,699.54
2026-01-02T09:34:59,AAPL,100.0584,707.72
2026-01-02T09:34:59,MSFT,239.8157,640.97
2026-01-02T09:34:59,NVDA,479.8382,1067.67
2026-01-02T09:35:00,AAPL,100.0374,750.27
2026-01-02T09:35:00,MSFT,239.8255,860.20
2026-01-02T09:35:00,NVDA,479.8359,718.87
2026-01-02T09:35:01,AAPL,100.0376,781.81
2026-01-02T09:35:01,MSFT,239.8036,671.16
2026-01-02T09:35:01,NVDA,479.7871,1032.39
2026-01-02T09:35:02,AAPL,100.0499,658.12
2026-01-02T09:35:02,MSFT,239.8116,1240.76
2026-01-02T09:35:02,NVDA,479.7715,1033.87
2026-01-02T09:35:03,AAPL,100.0553,757.39
2026-01-02T09:35:03,MSFT,239.8005,699.93
2026-01-02T09:35:03,NVDA,479.7616,383.16
2026-01-02T09:35:04,AAPL,100.0632,742.09
2026-01-02T09:35:04,MSFT,239.8050,724.54
2026-01-02T09:35:04,NVDA,479.8365,501.69
2026-01-02T09:35:05,AAPL,100.0492,926.94
2026-01-02T09:35:05,MSFT,239.8286,621.36
2026-01-02T09:35:05,NVDA,479.8822,634.93
2026-01-02T09:35:06,AAPL,100.0686,813.57
2026-01-02T09:35:06,MSFT,239.8509,1120.76
2026-01-02T09:35:06,NVDA,479.8660,1328.43
2026-01-02T09:35:07,AAPL,100.0516,743.55
2026-01-02T09:35:07,MSFT,239.8689,667.74
2026-01-02T09:35:07,NVDA,479.8499,823.51
2026-01-02T09:35:08,AAPL,100.0584,869.69
2026-01-02T09:35:08,MSFT,239.8614,835.44
2026-01-02T09:35:08,NVDA,479.8658,1070.72
2026-01-02T09:35:09,AAPL,100.0633,574.46
2026-01-02T09:35:09,MSFT,239.8616,688.29
2026-01-02T09:35:09,NVDA,479.8987,498.42
2026-01-02T09:35:10,AAPL,100.0716,608.23
2026-01-02T09:35:10,MSFT,239.8743,938.81
2026-01-02T09:35:10,NVDA,479.9042,890.89
2026-01-02T09:35:11,AAPL,100.0665,921.64
2026-01-02T09:35:11,MSFT,239.8738,931.62
2026-01-02T09:35:11,NVDA,479.9056,353.39
2026-01-02T09:35:12,AAPL,100.0588,1073.15
2026-01-02T09:35:12,MSFT,239.8883,818.82
2026-01-02T09:35:12,NVDA,479.9024,739.66
2026-01-02T09:35:13,AAPL,100.0682,904.23
2026-01-02T09:35:13,MSFT,239.8784,919.10
2026-01-02T09:35:13,NVDA,479.9331,628.12
2026-01-02T09:35:14,AAPL,100.0653,883.44
2026-01-02T09:35:14,MSFT,239.8856,724.30
2026-01-02T09:35:14,NVDA,479.9199,716.50
2026-01-02T09:35:15,AAPL,100.0711,877.24
2026-01-02T09:35:15,MSFT,239.8853,554.44
2026-01-02T09:35:15,NVDA,479.8926,914.63
2026-01-02T09:35:16,AAPL,100.0527,840.74
2026-01-02T09:35:16,MSFT,239.8817,691.60
2026-01-02T09:35:16,NVDA,479.8932,1101.74
2026-01-02T09:35:17,AAPL,100.0570,746.78
2026-01-02T09:35:17,MSFT,239.8669,892.20
2026-01-02T09:35:17,NVDA,479.9216,909.33
2026-01-02T09:35:18,AAPL,100.0744,885.79
2026-01-02T09:35:18,MSFT,239.8538,791.91
2026-01-02T09:35:18,NVDA,479.9346,929.78
2026-01-02T09:35:19,AAPL,100.0669,788.59
2026-01-02T09:35:19,MSFT,239.8574,1028.83
2026-01-02T09:35:19,NVDA,479.9597,916.34
2026-01-02T09:35:20,AAPL,100.0728,615.45
2026-01-02T09:35:20,MSFT,239.8463,783.47
2026-01-02T09:35:20,NVDA,479.9857,871.16
2026-01-02T09:35:21,AAPL,100.0812,529.72
2026-01-02T09:35:21,MSFT,239.8317,1001.58
2026-01-02T09:35:21,NVDA,479.9847,563.54
2026-01-02T09:35:22,AAPL,100.0943,846.45
2026-01-02T09:35:22,MSFT,239.8611,1025.00
2026-01-02T09:35:22,NVDA,479.9933,772.80
2026-01-02T09:35:23,AAPL,100.0978,781.52
2026-01-02T09:35:23,MSFT,239.8466,966.95
2026-01-02T09:35:23,NVDA,480.0002,304.15
2026-01-02T09:35:24,AAPL,100.0882,650.83
2026-01-02T09:35:24,MSFT,239.8564,792.07
2026-01-02T09:35:24,NVDA,480.0373,513.53
2026-01-02T09:35:25,AAPL,100.0720,992.08
2026-01-02T09:35:25,MSFT,239.8498,609.45
2026-01-02T09:35:25,NVDA,480.0240,663.23
2026-01-02T09:35:26,AAPL,100.0800,1001.27
2026-01-02T09:35:26,MSFT,239.8338,747.66
2026-01-02T09:35:26,NVDA,480.0243,814.79
2026-01-02T09:35:27,AAPL,100.0924,821.57
2026-01-02T09:35:27,MSFT,239.8280,599.86
2026-01-02T09:35:27,NVDA,479.9786,733.20
2026-01-02T09:35:28,AAPL,100.0926,965.91
2026-01-02T09:35:28,MSFT,239.8241,1218.27
2026-01-02T09:35:28,NVDA,479.9766,713.00
2026-01-02T09:35:29,AAPL,100.0982,625.30
2026-01-02T09:35:29,MSFT,239.8261,428.46
2026-01-02T09:35:29,NVDA,479.9935,812.00
2026-01-02T09:35:30,AAPL,100.1013,827.87
2026-01-02T09:35:30,MSFT,239.8133,638.25
2026-01-02T09:35:30,NVDA,480.0326,889.03
2026-01-02T09:35:31,AAPL,100.0922,875.79
2026-01-02T09:35:31,MSFT,239.8173,1151.81
2026-01-02T09:35:31,NVDA,480.0602,874.01
2026-01-02T09:35:32,AAPL,100.0854,1121.06
2026-01-02T09:35:32,MSFT,239.8162,643.31
2026-01-02T09:35:32,NVDA,480.0297,644.77
2026-01-02T09:35:33,AAPL,100.0799,937.77
2026-01-02T09:35:33,MSFT,239.8253,1007.19
2026-01-02T09:35:33,NVDA,480.0334,949.67
2026-01-02T09:35:34,AAPL,100.1137,963.85
2026-01-02T09:35:34,MSFT,239.8412,528.09
2026-01-02T09:35:34,NVDA,480.0148,664.80
2026-01-02T09:35:35,AAPL,100.0735,813.26
2026-01-02T09:35:35,MSFT,239.8551,703.64
2026-01-02T09:35:35,NVDA,480.0196,646.27
2026-01-02T09:35:36,AAPL,100.0660,851.36
2026-01-02T09:35:36,MSFT,239.8430,1011.33
2026-01-02T09:35:36,NVDA,479.9715,858.00
2026-01-02T09:35:37,AAPL,100.0585,1068.05
2026-01-02T09:35:37,MSFT,239.8506,424.85
2026-01-02T09:35:37,NVDA,479.9109,619.76
2026-01-02T09:35:38,AAPL,100.0509,765.98
2026-01-02T09:35:38,MSFT,239.8508,921.25
2026-01-02T09:35:38,NVDA,479.8766,475.90
2026-01-02T09:35:39,AAPL,100.0546,735.02
2026-01-02T09:35:39,MSFT,239.8497,684.47
2026-01-02T09:35:39,NVDA,479.8722,1067.57
2026-01-02T09:35:40,AAPL,100.0302,579.40
2026-01-02T09:35:40,MSFT,239.8560,1082.13
2026-01-02T09:35:40,NVDA,479.8670,572.71
2026-01-02T09:35:41,AAPL,100.0001,846.90
2026-01-02T09:35:41,MSFT,239.8434,1191.60
2026-01-02T09:35:41,NVDA,479.9255,840.73
2026-01-02T09:35:42,AAPL,100.0073,778.78
2026-01-02T09:35:42,MSFT,239.8547,799.45
2026-01-02T09:35:42,NVDA,479.9269,1044.87
2026-01-02T09:35:43,AAPL,100.0166,1183.58
2026-01-02T09:35:43,MSFT,239.8383,700.00
2026-01-02T09:35:43,NVDA,479.9043,951.52
2026-01-02T09:35:44,AAPL,100.0091,908.42
2026-01-02T09:35:44,MSFT,239.8265,783.02
2026-01-02T09:35:44,NVDA,479.9616,1094.91
2026-01-02T09:35:45,AAPL,99.9808,865.63
2026-01-02T09:35:45,MSFT,239.8346,711.19
2026-01-02T09:35:45,NVDA,479.9339,919.16
2026-01-02T09:35:46,AAPL,99.9822,899.46
2026-01-02T09:35:46,MSFT,239.8330,1219.61
2026-01-02T09:35:46,NVDA,479.9110,710.72
2026-01-02T09:35:47,AAPL,99.9898,931.71
2026-01-02T09:35:47,MSFT,239.8191,1033.52
2026-01-02T09:35:47,NVDA,479.8744,801.15
2026-01-02T09:35:48,AAPL,99.9851,672.63
2026-01-02T09:35:48,MSFT,239.8303,377.53
2026-01-02T09:35:48,NVDA,479.8561,637.50
2026-01-02T09:35:49,AAPL,99.9981,1079.08
2026-01-02T09:35:49,MSFT,239.8380,1051.15
2026-01-02T09:35:49,NVDA,479.8003,829.45
2026-01-02T09:35:50,AAPL,99.9773,732.51
2026-01-02T09:35:50,MSFT,239.8403,817.03
2026-01-02T09:35:50,NVDA,479.8346,443.85
2026-01-02T09:35:51,AAPL,99.9647,533.49
2026-01-02T09:35:51,MSFT,239.8238,981.04
2026-01-02T09:35:51,NVDA,479.8391,1080.19
2026-01-02T09:35:52,AAPL,99.9823,812.27
2026-01-02T09:35:52,MSFT,239.8140,978.52
2026-01-02T09:35:52,NVDA,479.8217,584.10
2026-01-02T09:35:53,AAPL,99.9650,821.93
2026-01-02T09:35:53,MSFT,239.8266,809.47
2026-01-02T09:35:53,NVDA,479.8522,816.44
2026-01-02T09:35:54,AAPL,99.9585,1289.81
2026-01-02T09:35:54,MSFT,239.8447,835.44
2026-01-02T09:35:54,NVDA,479.8313,510.37
2026-01-02T09:35:55,AAPL,99.9644,754.01
2026-01-02T09:35:55,MSFT,239.8492,858.15
2026-01-02T09:35:55,NVDA,479.8421,1005.60
2026-01-02T09:35:56,AAPL,99.9690,669.78
2026-01-02T09:35:56,MSFT,239.8414,904.96
2026-01-02T09:35:56,NVDA,479.8152,929.30
2026-01-02T09:35:57,AAPL,99.9796,792.10
2026-01-02T09:35:57,MSFT,239.8335,480.26
2026-01-02T09:35:57,NVDA,479.7870,507.33
2026-01-02T09:35:58,AAPL,99.9799,720.39
2026-01-02T09:35:58,MSFT,239.8242,957.07
2026-01-02T09:35:58,NVDA,479.7901,808.57
2026-01-02T09:35:59,AAPL,99.9881,986.56
2026-01-02T09:35:59,MSFT,239.8080,927.20
2026-01-02T09:35:59,NVDA,479.7448,657.01
2026-01-02T09:36:00,AAPL,100.0032,924.42
2026-01-02T09:36:00,MSFT,239.8146,832.78
2026-01-02T09:36:00,NVDA,479.7800,522.66
2026-01-02T09:36:01,AAPL,99.9985,808.52
2026-01-02T09:36:01,MSFT,239.8348,984.78
2026-01-02T09:36:01,NVDA,479.8058,662.96
2026-01-02T09:36:02,AAPL,100.0321,884.93
2026-01-02T09:36:02,MSFT,239.8246,1222.16
2026-01-02T09:36:02,NVDA,479.7700,643.63
2026-01-02T09:36:03,AAPL,100.0285,623.52
2026-01-02T09:36:03,MSFT,239.8298,849.82
2026-01-02T09:36:03,NVDA,479.7728,1140.89
2026-01-02T09:36:04,AAPL,100.0039,1045.95
2026-01-02T09:36:04,MSFT,239.8214,1063.19
2026-01-02T09:36:04,NVDA,479.8203,1214.28
2026-01-02T09:36:05,AAPL,100.0009,590.61
2026-01-02T09:36:05,MSFT,239.8246,790.39
2026-01-02T09:36:05,NVDA,479.7761,932.40
2026-01-02T09:36:06,AAPL,99.9869,1059.56
2026-01-02T09:36:06,MSFT,239.8341,749.36
2026-01-02T09:36:06,NVDA,479.7769,756.34
2026-01-02T09:36:07,AAPL,99.9800,1357.70
2026-01-02T09:36:07,MSFT,239.8246,809.96
2026-01-02T09:36:07,NVDA,479.8015,730.82
2026-01-02T09:36:08,AAPL,99.9704,560.76
2026-01-02T09:36:08,MSFT,239.8364,928.16
2026-01-02T09:36:08,NVDA,479.8132,528.42
2026-01-02T09:36:09,AAPL,99.9778,851.35
2026-01-02T09:36:09,MSFT,239.8329,552.19
2026-01-02T09:36:09,NVDA,479.8116,643.25
2026-01-02T09:36:10,AAPL,99.9789,811.40
2026-01-02T09:36:10,MSFT,239.8294,958.76
2026-01-02T09:36:10,NVDA,479.8098,895.24
2026-01-02T09:36:11,AAPL,99.9851,981.47
2026-01-02T09:36:11,MSFT,239.8197,737.85
2026-01-02T09:36:11,NVDA,479.8328,827.64
2026-01-02T09:36:12,AAPL,100.0018,934.14
2026-01-02T09:36:12,MSFT,239.8151,958.49
2026-01-02T09:36:12,NVDA,479.8262,972.19
2026-01-02T09:36:13,AAPL,100.0295,996.49
2026-01-02T09:36:13,MSFT,239.8379,520.72
2026-01-02T09:36:13,NVDA,479.8124,752.06
2026-01-02T09:36:14,AAPL,100.0234,867.04
2026-01-02T09:36:14,MSFT,239.8340,999.10
2026-01-02T09:36:14,NVDA,479.8369,874.43
2026-01-02T09:36:15,AAPL,100.0081,898.53
2026-01-02T09:36:15,MSFT,239.8407,863.70
2026-01-02T09:36:15,NVDA,479.8375,1052.06
2026-01-02T09:36:16,AAPL,99.9997,733.99
2026-01-02T09:36:16,MSFT,239.8472,895.54
2026-01-02T09:36:16,NVDA,479.8587,748.88
2026-01-02T09:36:17,AAPL,99.9799,577.24
2026-01-02T09:36:17,MSFT,239.8427,942.64
2026-01-02T09:36:17,NVDA,479.8783,473.14
2026-01-02T09:36:18,AAPL,99.9877,784.30
2026-01-02T09:36:18,MSFT,239.8322,1194.34
2026-01-02T09:36:18,NVDA,479.8848,948.93
2026-01-02T09:36:19,AAPL,100.0261,695.40
2026-01-02T09:36:19,MSFT,239.8281,1068.02
2026-01-02T09:36:19,NVDA,479.8520,813.31
2026-01-02T09:36:20,AAPL,100.0267,974.63
2026-01-02T09:36:20,MSFT,239.8320,635.63
2026-01-02T09:36:20,NVDA,479.8762,952.13
2026-01-02T09:36:21,AAPL,100.0108,676.20
2026-01-02T09:36:21,MSFT,239.8266,593.12
2026-01-02T09:36:21,NVDA,479.9026,741.71
2026-01-02T09:36:22,AAPL,100.0065,613.20
2026-01-02T09:36:22,MSFT,239.8225,1067.29
2026-01-02T09:36:22,NVDA,479.9212,508.87
2026-01-02T09:36:23,AAPL,99.9915,914.41
2026-01-02T09:36:23,MSFT,239.8174,700.42
2026-01-02T09:36:23,NVDA,479.8996,560.41
2026-01-02T09:36:24,AAPL,99.9928,731.55
2026-01-02T09:36:24,MSFT,239.8287,787.99
2026-01-02T09:36:24,NVDA,479.8753,924.88
2026-01-02T09:36:25,AAPL,100.0129,667.57
2026-01-02T09:36:25,MSFT,239.8115,713.79
2026-01-02T09:36:25,NVDA,479.8414,1095.49
2026-01-02T09:36:26,AAPL,99.9919,741.01
2026-01-02T09:36:26,MSFT,239.8261,956.82
2026-01-02T09:36:26,NVDA,479.8284,659.05
2026-01-02T09:36:27,AAPL,99.9890,756.77
2026-01-02T09:36:27,MSFT,239.8410,772.16
2026-01-02T09:36:27,NVDA,479.7946,977.44
2026-01-02T09:36:28,AAPL,100.0045,759.18
2026-01-02T09:36:28,MSFT,239.8485,809.22
2026-01-02T09:36:28,NVDA,479.7643,785.41
2026-01-02T09:36:29,AAPL,99.9871,685.85
2026-01-02T09:36:29,MSFT,239.8390,859.91
2026-01-02T09:36:29,NVDA,479.7688,562.46
2026-01-02T09:36:30,AAPL,99.9732,799.52
2026-01-02T09:36:30,MSFT,239.8435,813.00
2026-01-02T09:36:30,NVDA,479.7135,1031.64
2026-01-02T09:36:31,AAPL,99.9997,1085.08
2026-01-02T09:36:31,MSFT,239.8488,920.96
2026-01-02T09:36:31,NVDA,479.6970,833.94
2026-01-02T09:36:32,AAPL,99.9826,821.92
2026-01-02T09:36:32,MSFT,239.8344,905.34
2026-01-02T09:36:32,NVDA,479.6880,938.07
2026-01-02T09:36:33,AAPL,99.9852,717.28
2026-01-02T09:36:33,MSFT,239.8427,588.79
2026-01-02T09:36:33,NVDA,479.6812,703.24
2026-01-02T09:36:34,AAPL,99.9962,786.41
2026-01-02T09:36:34,MSFT,239.8452,894.58
2026-01-02T09:36:34,NVDA,479.6224,633.26
2026-01-02T09:36:35,AAPL,99.9978,982.25
2026-01-02T09:36:35,MSFT,239.8508,1035.94
2026-01-02T09:36:35,NVDA,479.6167,818.12
2026-01-02T09:36:36,AAPL,99.9901,721.58
2026-01-02T09:36:36,MSFT,239.8424,702.21
2026-01-02T09:36:36,NVDA,479.6118,682.72
2026-01-02T09:36:37,AAPL,99.9904,472.65
2026-01-02T09:36:37,MSFT,239.8465,831.94
2026-01-02T09:36:37,NVDA,479.6228,716.57
2026-01-02T09:36:38,AAPL,99.9826,976.82
2026-01-02T09:36:38,MSFT,239.8448,1157.58
2026-01-02T09:36:38,NVDA,479.5875,755.47
2026-01-02T09:36:39,AAPL,99.9656,658.39
2026-01-02T09:36:39,MSFT,239.8368,713.47
2026-01-02T09:36:39,NVDA,479.6070,594.10
2026-01-02T09:36:40,AAPL,99.9746,540.64
2026-01-02T09:36:40,MSFT,239.8326,1037.57
2026-01-02T09:36:40,NVDA,479.6184,849.01
2026-01-02T09:36:41,AAPL,99.9839,903.68
2026-01-02T09:36:41,MSFT,239.8387,1052.66
2026-01-02T09:36:41,NVDA,479.5923,787.27
2026-01-02T09:36:42,AAPL,99.9933,934.94
2026-01-02T09:36:42,MSFT,239.8441,1035.18
2026-01-02T09:36:42,NVDA,479.5796,557.05
2026-01-02T09:36:43,AAPL,100.0122,799.86
2026-01-02T09:36:43,MSFT,239.8385,806.44
2026-01-02T09:36:43,NVDA,479.5686,981.12
2026-01-02T09:36:44,AAPL,100.0254,856.11
2026-01-02T09:36:44,MSFT,239.8438,805.87
2026-01-02T09:36:44,NVDA,479.5942,374.60
2026-01-02T09:36:45,AAPL,100.0078,792.81
2026-01-02T09:36:45,MSFT,239.8395,628.91
2026-01-02T09:36:45,NVDA,479.6095,623.89
2026-01-02T09:36:46,AAPL,100.0109,822.37
2026-01-02T09:36:46,MSFT,239.8399,650.75
2026-01-02T09:36:46,NVDA,479.6045,1020.85
2026-01-02T09:36:47,AAPL,100.0189,973.31
2026-01-02T09:36:47,MSFT,239.8390,493.59
2026-01-02T09:36:47,NVDA,479.5927,772.88
2026-01-02T09:36:48,AAPL,100.0383,1004.47
2026-01-02T09:36:48,MSFT,239.8431,645.83
2026-01-02T09:36:48,NVDA,479.5958,752.89
2026-01-02T09:36:49,AAPL,100.0345,577.97
2026-01-02T09:36:49,MSFT,239.8476,794.63
2026-01-02T09:36:49,NVDA,479.6158,536.91
2026-01-02T09:36:50,AAPL,100.0174,1456.33
2026-01-02T09:36:50,MSFT,239.8386,851.76
2026-01-02T09:36:50,NVDA,479.6265,623.21
2026-01-02T09:36:51,AAPL,100.0432,788.19
2026-01-02T09:36:51,MSFT,239.8400,1127.31
2026-01-02T09:36:51,NVDA,479.6066,712.22
2026-01-02T09:36:52,AAPL,100.0378,552.92
2026-01-02T09:36:52,MSFT,239.8426,885.15
2026-01-02T09:36:52,NVDA,479.6111,918.05
2026-01-02T09:36:53,AAPL,100.0507,860.97
2026-01-02T09:36:53,MSFT,239.8400,1019.67
2026-01-02T09:36:53,NVDA,479.5935,1051.34
2026-01-02T09:36:54,AAPL,100.0476,937.66
2026-01-02T09:36:54,MSFT,239.8581,392.34
2026-01-02T09:36:54,NVDA,479.5885,727.29
2026-01-02T09:36:55,AAPL,100.0731,726.77
2026-01-02T09:36:55,MSFT,239.8853,524.98
2026-01-02T09:36:55,NVDA,479.5971,730.47
2026-01-02T09:36:56,AAPL,100.0805,698.27
2026-01-02T09:36:56,MSFT,239.8806,471.89
2026-01-02T09:36:56,NVDA,479.5997,530.37
2026-01-02T09:36:57,AAPL,100.0607,815.64
2026-01-02T09:36:57,MSFT,239.8792,984.88
2026-01-02T09:36:57,NVDA,479.5657,875.78
2026-01-02T09:36:58,AAPL,100.0654,745.57
2026-01-02T09:36:58,MSFT,239.8711,785.76
2026-01-02T09:36:58,NVDA,479.5877,732.72
2026-01-02T09:36:59,AAPL,100.0780,750.71
2026-01-02T09:36:59,MSFT,239.8882,804.82
2026-01-02T09:36:59,NVDA,479.5831,510.05
2026-01-02T09:37:00,AAPL,100.0564,868.63
2026-01-02T09:37:00,MSFT,239.8857,850.63
2026-01-02T09:37:00,NVDA,479.5658,772.92
2026-01-02T09:37:01,AAPL,100.0469,853.14
2026-01-02T09:37:01,MSFT,239.8834,1135.64
2026-01-02T09:37:01,NVDA,479.5485,1001.39
2026-01-02T09:37:02,AAPL,100.0309,716.24
2026-01-02T09:37:02,MSFT,239.8748,1026.73
2026-01-02T09:37:02,NVDA,479.5593,824.69
2026-01-02T09:37:03,AAPL,100.0343,604.81
2026-01-02T09:37:03,MSFT,239.8887,1050.12
2026-01-02T09:37:03,NVDA,479.5583,802.39
2026-01-02T09:37:04,AAPL,100.0439,768.45
2026-01-02T09:37:04,MSFT,239.8866,711.30
2026-01-02T09:37:04,NVDA,479.5495,714.31
2026-01-02T09:37:05,AAPL,100.0547,740.91
2026-01-02T09:37:05,MSFT,239.8821,687.17
2026-01-02T09:37:05,NVDA,479.5118,1080.83
2026-01-02T09:37:06,AAPL,100.0622,955.97
2026-01-02T09:37:06,MSFT,239.8767,1062.30
2026-01-02T09:37:06,NVDA,479.5153,1061.47
2026-01-02T09:37:07,AAPL,100.0618,791.96
2026-01-02T09:37:07,MSFT,239.8713,813.95
2026-01-02T09:37:07,NVDA,479.5208,1068.69
2026-01-02T09:37:08,AAPL,100.0848,816.19
2026-01-02T09:37:08,MSFT,239.8833,310.82
2026-01-02T09:37:08,NVDA,479.5089,844.95
2026-01-02T09:37:09,AAPL,100.0979,876.16
2026-01-02T09:37:09,MSFT,239.8826,716.93
2026-01-02T09:37:09,NVDA,479.4887,1142.35
2026-01-02T09:37:10,AAPL,100.1146,1035.40
2026-01-02T09:37:10,MSFT,239.8825,703.80
2026-01-02T09:37:10,NVDA,479.5025,795.57
2026-01-02T09:37:11,AAPL,100.1125,795.53
2026-01-02T09:37:11,MSFT,239.8761,643.15
2026-01-02T09:37:11,NVDA,479.4962,550.62
2026-01-02T09:37:12,AAPL,100.1214,950.94
2026-01-02T09:37:12,MSFT,239.8682,471.06
2026-01-02T09:37:12,NVDA,479.5059,842.92
2026-01-02T09:37:13,AAPL,100.1215,559.80
2026-01-02T09:37:13,MSFT,239.8489,1108.08
2026-01-02T09:37:13,NVDA,479.5004,890.79
2026-01-02T09:37:14,AAPL,100.1203,874.44
2026-01-02T09:37:14,MSFT,239.8360,719.77
2026-01-02T09:37:14,NVDA,479.4663,604.31
2026-01-02T09:37:15,AAPL,100.1095,474.82
2026-01-02T09:37:15,MSFT,239.8312,672.04
2026-01-02T09:37:15,NVDA,479.4365,776.09
2026-01-02T09:37:16,AAPL,100.1092,649.34
2026-01-02T09:37:16,MSFT,239.8512,929.28
2026-01-02T09:37:16,NVDA,479.4644,740.89
2026-01-02T09:37:17,AAPL,100.1225,937.80
2026-01-02T09:37:17,MSFT,239.8408,677.20
2026-01-02T09:37:17,NVDA,479.5372,725.98
2026-01-02T09:37:18,AAPL,100.1296,761.37
2026-01-02T09:37:18,MSFT,239.8490,620.97
2026-01-02T09:37:18,NVDA,479.5119,1004.18
2026-01-02T09:37:19,AAPL,100.1324,354.03
2026-01-02T09:37:19,MSFT,239.8491,767.25
2026-01-02T09:37:19,NVDA,479.5295,857.79
2026-01-02T09:37:20,AAPL,100.1374,815.74
2026-01-02T09:37:20,MSFT,239.8518,592.53
2026-01-02T09:37:20,NVDA,479.5090,646.58
2026-01-02T09:37:21,AAPL,100.1172,941.89
2026-01-02T09:37:21,MSFT,239.8625,910.52
2026-01-02T09:37:21,NVDA,479.4938,703.32
2026-01-02T09:37:22,AAPL,100.1104,1000.32
2026-01-02T09:37:22,MSFT,239.8676,1113.00
2026-01-02T09:37:22,NVDA,479.4694,759.39
2026-01-02T09:37:23,AAPL,100.0914,544.90
2026-01-02T09:37:23,MSFT,239.8659,739.57
2026-01-02T09:37:23,NVDA,479.4564,523.75
2026-01-02T09:37:24,AAPL,100.0942,748.90
2026-01-02T09:37:24,MSFT,239.8749,899.09
2026-01-02T09:37:24,NVDA,479.4235,871.22
2026-01-02T09:37:25,AAPL,100.0850,1075.85
2026-01-02T09:37:25,MSFT,239.8745,709.37
2026-01-02T09:37:25,NVDA,479.4132,529.84
2026-01-02T09:37:26,AAPL,100.1040,1181.48
2026-01-02T09:37:26,MSFT,239.8570,754.68
2026-01-02T09:37:26,NVDA,479.4103,693.03
2026-01-02T09:37:27,AAPL,100.1221,1024.54
2026-01-02T09:37:27,MSFT,239.8544,1172.83
2026-01-02T09:37:27,NVDA,479.4110,756.46
2026-01-02T09:37:28,AAPL,100.1262,665.71
2026-01-02T09:37:28,MSFT,239.8688,910.99
2026-01-02T09:37:28,NVDA,479.4019,766.61
2026-01-02T09:37:29,AAPL,100.1124,847.25
2026-01-02T09:37:29,MSFT,239.8557,800.57
2026-01-02T09:37:29,NVDA,479.3889,902.07
2026-01-02T09:37:30,AAPL,100.1279,941.65
2026-01-02T09:37:30,MSFT,239.8543,672.27
2026-01-02T09:37:30,NVDA,479.3812,797.01
2026-01-02T09:37:31,AAPL,100.1351,697.73
2026-01-02T09:37:31,MSFT,239.8445,831.22
2026-01-02T09:37:31,NVDA,479.4151,1137.02
2026-01-02T09:37:32,AAPL,100.1468,621.75
2026-01-02T09:37:32,MSFT,239.8585,647.78
2026-01-02T09:37:32,NVDA,479.3957,876.97
2026-01-02T09:37:33,AAPL,100.1260,944.30
2026-01-02T09:37:33,MSFT,239.8578,871.84
2026-01-02T09:37:33,NVDA,479.3749,952.36
2026-01-02T09:37:34,AAPL,100.1336,734.60
2026-01-02T09:37:34,MSFT,239.8671,321.15
2026-01-02T09:37:34,NVDA,479.3838,780.64
2026-01-02T09:37:35,AAPL,100.1215,831.90
2026-01-02T09:37:35,MSFT,239.8720,667.35
2026-01-02T09:37:35,NVDA,479.3807,792.54
2026-01-02T09:37:36,AAPL,100.1272,1020.82
2026-01-02T09:37:36,MSFT,239.8672,1037.05
2026-01-02T09:37:36,NVDA,479.3480,854.14
2026-01-02T09:37:37,AAPL,100.1013,812.92
2026-01-02T09:37:37,MSFT,239.8743,1164.13
2026-01-02T09:37:37,NVDA,479.3491,665.30
2026-01-02T09:37:38,AAPL,100.1166,807.41
2026-01-02T09:37:38,MSFT,239.8751,965.06
2026-01-02T09:37:38,NVDA,479.3762,488.22
2026-01-02T09:37:39,AAPL,100.1172,797.05
2026-01-02T09:37:39,MSFT,239.8643,507.70
2026-01-02T09:37:39,NVDA,479.3744,716.53
2026-01-02T09:37:40,AAPL,100.1062,775.27
2026-01-02T09:37:40,MSFT,239.8606,803.17
2026-01-02T09:37:40,NVDA,479.4137,794.58
2026-01-02T09:37:41,AAPL,100.1343,1023.94
2026-01-02T09:37:41,MSFT,239.8702,668.87
2026-01-02T09:37:41,NVDA,479.4062,634.45
2026-01-02T09:37:42,AAPL,100.1404,787.93
2026-01-02T09:37:42,MSFT,239.8744,854.45
2026-01-02T09:37:42,NVDA,479.4103,735.76
2026-01-02T09:37:43,AAPL,100.1256,720.50
2026-01-02T09:37:43,MSFT,239.8815,770.50
2026-01-02T09:37:43,NVDA,479.4087,956.21
2026-01-02T09:37:44,AAPL,100.1328,534.53
2026-01-02T09:37:44,MSFT,239.8805,643.17
2026-01-02T09:37:44,NVDA,479.4072,870.25
2026-01-02T09:37:45,AAPL,100.1403,1099.48
2026-01-02T09:37:45,MSFT,239.8754,746.91
2026-01-02T09:37:45,NVDA,479.4214,973.16
2026-01-02T09:37:46,AAPL,100.1247,923.61
2026-01-02T09:37:46,MSFT,239.8819,772.94
2026-01-02T09:37:46,NVDA,479.4142,931.88
2026-01-02T09:37:47,AAPL,100.1310,872.13
2026-01-02T09:37:47,MSFT,239.8745,489.99
2026-01-02T09:37:47,NVDA,479.4117,751.20
2026-01-02T09:37:48,AAPL,100.1377,662.39
2026-01-02T09:37:48,MSFT,239.8807,873.73
2026-01-02T09:37:48,NVDA,479.3931,970.11
2026-01-02T09:37:49,AAPL,100.1324,674.64
2026-01-02T09:37:49,MSFT,239.8831,797.35
2026-01-02T09:37:49,NVDA,479.3703,911.63
2026-01-02T09:37:50,AAPL,100.1322,663.52
2026-01-02T09:37:50,MSFT,239.8654,876.76
2026-01-02T09:37:50,NVDA,479.3727,821.49
2026-01-02T09:37:51,AAPL,100.1527,351.69
2026-01-02T09:37:51,MSFT,239.8779,1045.48
2026-01-02T09:37:51,NVDA,479.3481,982.64
2026-01-02T09:37:52,AAPL,100.1404,612.35
2026-01-02T09:37:52,MSFT,239.8768,1128.98
2026-01-02T09:37:52,NVDA,479.3570,808.97
2026-01-02T09:37:53,AAPL,100.1536,687.95
2026-01-02T09:37:53,MSFT,239.8916,1082.71
2026-01-02T09:37:53,NVDA,479.3676,658.11
2026-01-02T09:37:54,AAPL,100.1695,853.04
2026-01-02T09:37:54,MSFT,239.8980,1004.58
2026-01-02T09:37:54,NVDA,479.3784,637.54
2026-01-02T09:37:55,AAPL,100.1917,850.27
2026-01-02T09:37:55,MSFT,239.9011,910.72
2026-01-02T09:37:55,NVDA,479.3860,934.63
2026-01-02T09:37:56,AAPL,100.1946,768.03
2026-01-02T09:37:56,MSFT,239.8954,707.96
2026-01-02T09:37:56,NVDA,479.3787,978.10
2026-01-02T09:37:57,AAPL,100.1894,780.01
2026-01-02T09:37:57,MSFT,239.8943,896.10
2026-01-02T09:37:57,NVDA,479.3948,1155.40
2026-01-02T09:37:58,AAPL,100.1684,758.97
2026-01-02T09:37:58,MSFT,239.8999,496.68
2026-01-02T09:37:58,NVDA,479.4382,779.10
2026-01-02T09:37:59,AAPL,100.1563,974.74
2026-01-02T09:37:59,MSFT,239.8778,838.20
2026-01-02T09:37:59,NVDA,479.4133,797.32
2026-01-02T09:38:00,AAPL,100.1618,942.66
2026-01-02T09:38:00,MSFT,239.8818,1175.55
2026-01-02T09:38:00,NVDA,479.4147,738.45
2026-01-02T09:38:01,AAPL,100.1801,788.25
2026-01-02T09:38:01,MSFT,239.8859,91.29
2026-01-02T09:38:01,NVDA,479.4259,786.54
2026-01-02T09:38:02,AAPL,100.1735,681.86
2026-01-02T09:38:02,MSFT,239.8948,432.50
2026-01-02T09:38:02,NVDA,479.5045,1007.74
2026-01-02T09:38:03,AAPL,100.1789,1142.07
2026-01-02T09:38:03,MSFT,239.8974,638.91
2026-01-02T09:38:03,NVDA,479.5301,505.51
2026-01-02T09:38:04,AAPL,100.1878,1015.66
2026-01-02T09:38:04,MSFT,239.9026,538.78
2026-01-02T09:38:04,NVDA,479.5351,777.84
2026-01-02T09:38:05,AAPL,100.1765,383.84
2026-01-02T09:38:05,MSFT,239.8907,709.87
2026-01-02T09:38:05,NVDA,479.5631,1295.57
2026-01-02T09:38:06,AAPL,100.1892,658.11
2026-01-02T09:38:06,MSFT,239.8863,994.79
2026-01-02T09:38:06,NVDA,479.5784,870.37
2026-01-02T09:38:07,AAPL,100.1927,1015.87
2026-01-02T09:38:07,MSFT,239.9086,801.73
2026-01-02T09:38:07,NVDA,479.5822,890.80
2026-01-02T09:38:08,AAPL,100.1857,405.33
2026-01-02T09:38:08,MSFT,239.9134,667.96
2026-01-02T09:38:08,NVDA,479.6150,832.84
2026-01-02T09:38:09,AAPL,100.2080,645.64
2026-01-02T09:38:09,MSFT,239.9246,506.31
2026-01-02T09:38:09,NVDA,479.6383,757.30
2026-01-02T09:38:10,AAPL,100.2220,735.54
2026-01-02T09:38:10,MSFT,239.9313,890.47
2026-01-02T09:38:10,NVDA,479.6478,879.68
2026-01-02T09:38:11,AAPL,100.2471,698.97
2026-01-02T09:38:11,MSFT,239.9452,736.26
2026-01-02T09:38:11,NVDA,479.6779,1221.15
2026-01-02T09:38:12,AAPL,100.2350,411.91
2026-01-02T09:38:12,MSFT,239.9468,675.50
2026-01-02T09:38:12,NVDA,479.6646,740.73
2026-01-02T09:38:13,AAPL,100.2269,1057.58
2026-01-02T09:38:13,MSFT,239.9579,1008.64
2026-01-02T09:38:13,NVDA,479.7223,661.26
2026-01-02T09:38:14,AAPL,100.1893,1164.24
2026-01-02T09:38:14,MSFT,239.9603,789.98
2026-01-02T09:38:14,NVDA,479.6771,556.69
2026-01-02T09:38:15,AAPL,100.1996,774.23
2026-01-02T09:38:15,MSFT,239.9387,630.71
2026-01-02T09:38:15,NVDA,479.7032,1030.16
2026-01-02T09:38:16,AAPL,100.2027,1310.12
2026-01-02T09:38:16,MSFT,239.9488,1125.85
2026-01-02T09:38:16,NVDA,479.7365,949.62
2026-01-02T09:38:17,AAPL,100.1825,511.94
2026-01-02T09:38:17,MSFT,239.9413,846.50
2026-01-02T09:38:17,NVDA,479.7364,867.45
2026-01-02T09:38:18,AAPL,100.1821,886.00
2026-01-02T09:38:18,MSFT,239.9511,801.43
2026-01-02T09:38:18,NVDA,479.7291,328.17
2026-01-02T09:38:19,AAPL,100.1951,660.80
2026-01-02T09:38:19,MSFT,239.9419,956.18
2026-01-02T09:38:19,NVDA,479.7520,922.39
2026-01-02T09:38:20,AAPL,100.2093,603.07
2026-01-02T09:38:20,MSFT,239.9395,701.00
2026-01-02T09:38:20,NVDA,479.7951,955.48
2026-01-02T09:38:21,AAPL,100.2059,951.46
2026-01-02T09:38:21,MSFT,239.9435,778.86
2026-01-02T09:38:21,NVDA,479.8070,953.11
2026-01-02T09:38:22,AAPL,100.2040,574.91
2026-01-02T09:38:22,MSFT,239.9473,752.47
2026-01-02T09:38:22,NVDA,479.7786,661.72
2026-01-02T09:38:23,AAPL,100.2005,804.89
2026-01-02T09:38:23,MSFT,239.9532,761.75
2026-01-02T09:38:23,NVDA,479.7901,732.79
2026-01-02T09:38:24,AAPL,100.2089,872.55
2026-01-02T09:38:24,MSFT,239.9591,1058.69
2026-01-02T09:38:24,NVDA,479.7833,513.21
2026-01-02T09:38:25,AAPL,100.2080,945.70
2026-01-02T09:38:25,MSFT,239.9596,857.26
2026-01-02T09:38:25,NVDA,479.7405,649.85
2026-01-02T09:38:26,AAPL,100.2164,940.00
2026-01-02T09:38:26,MSFT,239.9524,866.06
2026-01-02T09:38:26,NVDA,479.7230,592.56
2026-01-02T09:38:27,AAPL,100.2177,839.07
2026-01-02T09:38:27,MSFT,239.9566,931.41
2026-01-02T09:38:27,NVDA,479.7652,970.77
2026-01-02T09:38:28,AAPL,100.2125,969.14
2026-01-02T09:38:28,MSFT,239.9422,818.12
2026-01-02T09:38:28,NVDA,479.7918,922.25
2026-01-02T09:38:29,AAPL,100.2252,1143.81
2026-01-02T09:38:29,MSFT,239.9351,943.06
2026-01-02T09:38:29,NVDA,479.7897,1000.64
2026-01-02T09:38:30,AAPL,100.2272,940.77
2026-01-02T09:38:30,MSFT,239.9508,913.56
2026-01-02T09:38:30,NVDA,479.7847,733.82
2026-01-02T09:38:31,AAPL,100.2171,986.86
2026-01-02T09:38:31,MSFT,239.9642,756.02
2026-01-02T09:38:31,NVDA,479.7398,685.97
2026-01-02T09:38:32,AAPL,100.2239,629.58
2026-01-02T09:38:32,MSFT,239.9449,720.00
2026-01-02T09:38:32,NVDA,479.6890,858.58
2026-01-02T09:38:33,AAPL,100.2181,810.85
2026-01-02T09:38:33,MSFT,239.9581,636.57
2026-01-02T09:38:33,NVDA,479.6356,794.89
2026-01-02T09:38:34,AAPL,100.2254,542.68
2026-01-02T09:38:34,MSFT,239.9547,737.50
2026-01-02T09:38:34,NVDA,479.6366,689.21
2026-01-02T09:38:35,AAPL,100.2656,752.76
2026-01-02T09:38:35,MSFT,239.9568,712.74
2026-01-02T09:38:35,NVDA,479.5707,1048.56
2026-01-02T09:38:36,AAPL,100.2186,1044.23
2026-01-02T09:38:36,MSFT,239.9439,555.39
2026-01-02T09:38:36,NVDA,479.5683,1195.26
2026-01-02T09:38:37,AAPL,100.2236,765.57
2026-01-02T09:38:37,MSFT,239.9365,917.13
2026-01-02T09:38:37,NVDA,479.5593,928.48
2026-01-02T09:38:38,AAPL,100.1945,895.12
2026-01-02T09:38:38,MSFT,239.9399,555.16
2026-01-02T09:38:38,NVDA,479.5338,773.47
2026-01-02T09:38:39,AAPL,100.1874,852.20
2026-01-02T09:38:39,MSFT,239.9258,640.78
2026-01-02T09:38:39,NVDA,479.5869,648.37
2026-01-02T09:38:40,AAPL,100.1813,768.13
2026-01-02T09:38:40,MSFT,239.9233,1017.24
2026-01-02T09:38:40,NVDA,479.5729,953.89
2026-01-02T09:38:41,AAPL,100.1688,939.15
2026-01-02T09:38:41,MSFT,239.9215,768.54
2026-01-02T09:38:41,NVDA,479.5709,899.04
2026-01-02T09:38:42,AAPL,100.1511,625.32
2026-01-02T09:38:42,MSFT,239.9421,891.17
2026-01-02T09:38:42,NVDA,479.5622,915.58
2026-01-02T09:38:43,AAPL,100.1505,394.75
2026-01-02T09:38:43,MSFT,239.9440,778.06
2026-01-02T09:38:43,NVDA,479.5712,660.55
2026-01-02T09:38:44,AAPL,100.1475,1005.58
2026-01-02T09:38:44,MSFT,239.9428,722.79
2026-01-02T09:38:44,NVDA,479.5806,729.05
2026-01-02T09:38:45,AAPL,100.1638,768.59
2026-01-02T09:38:45,MSFT,239.9467,673.26
2026-01-02T09:38:45,NVDA,479.5497,929.48
2026-01-02T09:38:46,AAPL,100.1680,914.74
2026-01-02T09:38:46,MSFT,239.9544,535.53
2026-01-02T09:38:46,NVDA,479.5530,438.95
2026-01-02T09:38:47,AAPL,100.1761,604.59
2026-01-02T09:38:47,MSFT,239.9593,930.67
2026-01-02T09:38:47,NVDA,479.5398,795.85
2026-01-02T09:38:48,AAPL,100.1947,502.30
2026-01-02T09:38:48,MSFT,239.9661,821.31
2026-01-02T09:38:48,NVDA,479.5638,502.66
2026-01-02T09:38:49,AAPL,100.1951,998.76
2026-01-02T09:38:49,MSFT,239.9799,661.53
2026-01-02T09:38:49,NVDA,479.5571,1131.45
2026-01-02T09:38:50,AAPL,100.1741,791.77
2026-01-02T09:38:50,MSFT,239.9820,831.49
2026-01-02T09:38:50,NVDA,479.5340,973.60
2026-01-02T09:38:51,AAPL,100.1877,1126.90
2026-01-02T09:38:51,MSFT,239.9744,713.30
2026-01-02T09:38:51,NVDA,479.5617,1126.76
2026-01-02T09:38:52,AAPL,100.1878,524.96
2026-01-02T09:38:52,MSFT,239.9725,973.65
2026-01-02T09:38:52,NVDA,479.5790,1000.33
2026-01-02T09:38:53,AAPL,100.2170,722.36
2026-01-02T09:38:53,MSFT,239.9638,583.51
2026-01-02T09:38:53,NVDA,479.5762,983.43
2026-01-02T09:38:54,AAPL,100.2432,839.38
2026-01-02T09:38:54,MSFT,239.9642,776.08
2026-01-02T09:38:54,NVDA,479.6072,662.84
2026-01-02T09:38:55,AAPL,100.2419,786.07
2026-01-02T09:38:55,MSFT,239.9642,1125.48
2026-01-02T09:38:55,NVDA,479.5852,1241.95
2026-01-02T09:38:56,AAPL,100.2324,652.31
2026-01-02T09:38:56,MSFT,239.9579,916.77
2026-01-02T09:38:56,NVDA,479.5851,1001.82
2026-01-02T09:38:57,AAPL,100.2204,498.82
2026-01-02T09:38:57,MSFT,239.9545,850.36
2026-01-02T09:38:57,NVDA,479.5487,780.83
2026-01-02T09:38:58,AAPL,100.2287,654.80
2026-01-02T09:38:58,MSFT,239.9466,602.87
2026-01-02T09:38:58,NVDA,479.5454,882.14
2026-01-02T09:38:59,AAPL,100.2702,1009.74
2026-01-02T09:38:59,MSFT,239.9343,523.38
2026-01-02T09:38:59,NVDA,479.5429,1082.96
2026-01-02T09:39:00,AAPL,100.2804,705.08
2026-01-02T09:39:00,MSFT,239.9446,1047.92
2026-01-02T09:39:00,NVDA,479.5798,608.05
2026-01-02T09:39:01,AAPL,100.2872,569.39
2026-01-02T09:39:01,MSFT,239.9368,569.85
2026-01-02T09:39:01,NVDA,479.5736,541.52
2026-01-02T09:39:02,AAPL,100.2992,797.78
2026-01-02T09:39:02,MSFT,239.9285,887.38
2026-01-02T09:39:02,NVDA,479.6121,862.17
2026-01-02T09:39:03,AAPL,100.2907,748.91
2026-01-02T09:39:03,MSFT,239.9278,673.72
2026-01-02T09:39:03,NVDA,479.5697,731.87
2026-01-02T09:39:04,AAPL,100.3097,651.10
2026-01-02T09:39:04,MSFT,239.9088,784.02
2026-01-02T09:39:04,NVDA,479.5975,489.96
2026-01-02T09:39:05,AAPL,100.3129,874.06
2026-01-02T09:39:05,MSFT,239.9145,900.28
2026-01-02T09:39:05,NVDA,479.6131,514.89
2026-01-02T09:39:06,AAPL,100.3224,1047.95
2026-01-02T09:39:06,MSFT,239.9126,866.86
2026-01-02T09:39:06,NVDA,479.5880,1034.54
2026-01-02T09:39:07,AAPL,100.3135,1096.91
2026-01-02T09:39:07,MSFT,239.9091,922.00
2026-01-02T09:39:07,NVDA,479.5750,1138.00
2026-01-02T09:39:08,AAPL,100.2842,866.48
2026-01-02T09:39:08,MSFT,239.8886,583.14
2026-01-02T09:39:08,NVDA,479.6226,963.44
2026-01-02T09:39:09,AAPL,100.2544,798.91
2026-01-02T09:39:09,MSFT,239.8828,902.56
2026-01-02T09:39:09,NVDA,479.6692,917.70
2026-01-02T09:39:10,AAPL,100.2612,891.45
2026-01-02T09:39:10,MSFT,239.8722,926.20
2026-01-02T09:39:10,NVDA,479.6926,689.78
2026-01-02T09:39:11,AAPL,100.2519,1061.00
2026-01-02T09:39:11,MSFT,239.8746,595.28
2026-01-02T09:39:11,NVDA,479.6823,717.65
2026-01-02T09:39:12,AAPL,100.2513,786.91
2026-01-02T09:39:12,MSFT,239.8724,1101.31
2026-01-02T09:39:12,NVDA,479.7034,1066.94
2026-01-02T09:39:13,AAPL,100.2262,820.01
2026-01-02T09:39:13,MSFT,239.8845,930.57
2026-01-02T09:39:13,NVDA,479.6868,663.93
2026-01-02T09:39:14,AAPL,100.2409,761.75
2026-01-02T09:39:14,MSFT,239.8913,828.19
2026-01-02T09:39:14,NVDA,479.6841,821.69
2026-01-02T09:39:15,AAPL,100.2288,1106.21
2026-01-02T09:39:15,MSFT,239.8971,1051.88
2026-01-02T09:39:15,NVDA,479.6713,702.70
2026-01-02T09:39:16,AAPL,100.2243,644.91
2026-01-02T09:39:16,MSFT,239.9042,928.25
2026-01-02T09:39:16,NVDA,479.6588,742.46
2026-01-02T09:39:17,AAPL,100.2303,664.53
2026-01-02T09:39:17,MSFT,239.9005,1080.89
2026-01-02T09:39:17,NVDA,479.6404,706.97
2026-01-02T09:39:18,AAPL,100.2682,417.25
2026-01-02T09:39:18,MSFT,239.8890,1123.51
2026-01-02T09:39:18,NVDA,479.6305,889.97
2026-01-02T09:39:19,AAPL,100.3004,670.93
2026-01-02T09:39:19,MSFT,239.8834,873.94
2026-01-02T09:39:19,NVDA,479.6290,705.51
2026-01-02T09:39:20,AAPL,100.2987,560.94
2026-01-02T09:39:20,MSFT,239.8884,950.21
2026-01-02T09:39:20,NVDA,479.6253,759.71
2026-01-02T09:39:21,AAPL,100.3073,703.12
2026-01-02T09:39:21,MSFT,239.8856,787.70
2026-01-02T09:39:21,NVDA,479.6624,791.14
2026-01-02T09:39:22,AAPL,100.3059,770.45
2026-01-02T09:39:22,MSFT,239.8822,626.31
2026-01-02T09:39:22,NVDA,479.6398,954.86
2026-01-02T09:39:23,AAPL,100.2977,816.62
2026-01-02T09:39:23,MSFT,239.8777,560.98
2026-01-02T09:39:23,NVDA,479.6285,1051.45
2026-01-02T09:39:24,AAPL,100.2919,678.25
2026-01-02T09:39:24,MSFT,239.8738,739.77
2026-01-02T09:39:24,NVDA,479.6346,725.90
2026-01-02T09:39:25,AAPL,100.2907,711.63
2026-01-02T09:39:25,MSFT,239.8777,856.03
2026-01-02T09:39:25,NVDA,479.6402,913.96
2026-01-02T09:39:26,AAPL,100.2896,1018.33
2026-01-02T09:39:26,MSFT,239.8827,1067.81
2026-01-02T09:39:26,NVDA,479.6386,848.98
2026-01-02T09:39:27,AAPL,100.2797,802.81
2026-01-02T09:39:27,MSFT,239.8913,734.21
2026-01-02T09:39:27,NVDA,479.6762,804.62
2026-01-02T09:39:28,AAPL,100.3038,611.22
2026-01-02T09:39:28,MSFT,239.8889,710.66
2026-01-02T09:39:28,NVDA,479.7018,915.58
2026-01-02T09:39:29,AAPL,100.3030,717.96
2026-01-02T09:39:29,MSFT,239.8890,930.43
2026-01-02T09:39:29,NVDA,479.7231,789.27
2026-01-02T09:39:30,AAPL,100.2967,818.37
2026-01-02T09:39:30,MSFT,239.8906,845.46
2026-01-02T09:39:30,NVDA,479.7121,1113.28
2026-01-02T09:39:31,AAPL,100.2876,1072.24
2026-01-02T09:39:31,MSFT,239.9049,970.48
2026-01-02T09:39:31,NVDA,479.7593,900.05
2026-01-02T09:39:32,AAPL,100.2832,705.85
2026-01-02T09:39:32,MSFT,239.8985,950.72
2026-01-02T09:39:32,NVDA,479.7227,543.98
2026-01-02T09:39:33,AAPL,100.3066,982.32
2026-01-02T09:39:33,MSFT,239.9031,966.20
2026-01-02T09:39:33,NVDA,479.7424,766.36
2026-01-02T09:39:34,AAPL,100.2849,1030.96
2026-01-02T09:39:34,MSFT,239.9079,552.28
2026-01-02T09:39:34,NVDA,479.7463,715.63
2026-01-02T09:39:35,AAPL,100.2835,740.97
2026-01-02T09:39:35,MSFT,239.9138,762.49
2026-01-02T09:39:35,NVDA,479.7178,921.14
2026-01-02T09:39:36,AAPL,100.2912,543.36
2026-01-02T09:39:36,MSFT,239.9182,959.77
2026-01-02T09:39:36,NVDA,479.7144,833.78
2026-01-02T09:39:37,AAPL,100.2801,484.99
2026-01-02T09:39:37,MSFT,239.9238,784.18
2026-01-02T09:39:37,NVDA,479.7255,757.74
2026-01-02T09:39:38,AAPL,100.2766,829.21
2026-01-02T09:39:38,MSFT,239.9235,955.93
2026-01-02T09:39:38,NVDA,479.7152,540.01
2026-01-02T09:39:39,AAPL,100.2791,565.42
2026-01-02T09:39:39,MSFT,239.8986,602.58
2026-01-02T09:39:39,NVDA,479.7047,656.73
2026-01-02T09:39:40,AAPL,100.2564,759.56
2026-01-02T09:39:40,MSFT,239.9111,949.30
2026-01-02T09:39:40,NVDA,479.7052,965.80
2026-01-02T09:39:41,AAPL,100.2502,641.24
2026-01-02T09:39:41,MSFT,239.9183,604.96
2026-01-02T09:39:41,NVDA,479.7140,795.38
2026-01-02T09:39:42,AAPL,100.2451,717.55
2026-01-02T09:39:42,MSFT,239.9300,513.91
2026-01-02T09:39:42,NVDA,479.7211,748.06
2026-01-02T09:39:43,AAPL,100.2344,807.01
2026-01-02T09:39:43,MSFT,239.9336,789.21
2026-01-02T09:39:43,NVDA,479.7276,1054.67
2026-01-02T09:39:44,AAPL,100.2258,875.23
2026-01-02T09:39:44,MSFT,239.9166,882.25
2026-01-02T09:39:44,NVDA,479.6813,913.65
2026-01-02T09:39:45,AAPL,100.2190,829.54
2026-01-02T09:39:45,MSFT,239.9024,804.32
2026-01-02T09:39:45,NVDA,479.7023,911.57
2026-01-02T09:39:46,AAPL,100.2191,798.83
2026-01-02T09:39:46,MSFT,239.9142,932.48
2026-01-02T09:39:46,NVDA,479.6870,695.63
2026-01-02T09:39:47,AAPL,100.2093,793.58
2026-01-02T09:39:47,MSFT,239.9030,411.49
2026-01-02T09:39:47,NVDA,479.6819,845.52
2026-01-02T09:39:48,AAPL,100.2125,995.30
2026-01-02T09:39:48,MSFT,239.8905,707.63
2026-01-02T09:39:48,NVDA,479.6463,844.25
2026-01-02T09:39:49,AAPL,100.2113,713.45
2026-01-02T09:39:49,MSFT,239.8913,672.76
2026-01-02T09:39:49,NVDA,479.6211,1084.49
2026-01-02T09:39:50,AAPL,100.2239,766.85
2026-01-02T09:39:50,MSFT,239.8762,761.43
2026-01-02T09:39:50,NVDA,479.6359,830.58
2026-01-02T09:39:51,AAPL,100.2394,1020.84
2026-01-02T09:39:51,MSFT,239.8758,715.74
2026-01-02T09:39:51,NVDA,479.6239,725.57
2026-01-02T09:39:52,AAPL,100.2534,723.65
2026-01-02T09:39:52,MSFT,239.8594,883.69
2026-01-02T09:39:52,NVDA,479.6218,715.91
2026-01-02T09:39:53,AAPL,100.2243,1010.61
2026-01-02T09:39:53,MSFT,239.8667,595.36
2026-01-02T09:39:53,NVDA,479.6260,604.93
2026-01-02T09:39:54,AAPL,100.2043,422.23
2026-01-02T09:39:54,MSFT,239.8749,958.38
2026-01-02T09:39:54,NVDA,479.6187,789.23
2026-01-02T09:39:55,AAPL,100.2310,664.03
2026-01-02T09:39:55,MSFT,239.8635,822.96
2026-01-02T09:39:55,NVDA,479.6328,746.56
2026-01-02T09:39:56,AAPL,100.2100,661.90
2026-01-02T09:39:56,MSFT,239.8707,928.66
2026-01-02T09:39:56,NVDA,479.5914,579.93
2026-01-02T09:39:57,AAPL,100.1956,795.42
2026-01-02T09:39:57,MSFT,239.8932,748.55
2026-01-02T09:39:57,NVDA,479.5934,656.51
2026-01-02T09:39:58,AAPL,100.2348,691.65
2026-01-02T09:39:58,MSFT,239.8885,828.12
2026-01-02T09:39:58,NVDA,479.5607,945.58
2026-01-02T09:39:59,AAPL,100.2351,648.31
2026-01-02T09:39:59,MSFT,239.8829,459.07
2026-01-02T09:39:59,NVDA,479.5472,390.57
2026-01-02T09:40:00,AAPL,100.2288,710.80
2026-01-02T09:40:00,MSFT,239.8774,695.09
2026-01-02T09:40:00,NVDA,479.5265,1022.13
2026-01-02T09:40:01,AAPL,100.2508,769.48
2026-01-02T09:40:01,MSFT,239.8893,744.83
2026-01-02T09:40:01,NVDA,479.5194,650.82
2026-01-02T09:40:02,AAPL,100.2616,911.25
2026-01-02T09:40:02,MSFT,239.8768,828.80
2026-01-02T09:40:02,NVDA,479.5069,637.65
2026-01-02T09:40:03,AAPL,100.2617,454.61
2026-01-02T09:40:03,MSFT,239.8729,1140.11
2026-01-02T09:40:03,NVDA,479.5182,595.60
2026-01-02T09:40:04,AAPL,100.2704,815.95
2026-01-02T09:40:04,MSFT,239.8701,694.56
2026-01-02T09:40:04,NVDA,479.5186,693.37
2026-01-02T09:40:05,AAPL,100.2682,933.11
2026-01-02T09:40:05,MSFT,239.8786,566.64
2026-01-02T09:40:05,NVDA,479.5073,1089.24
2026-01-02T09:40:06,AAPL,100.2955,866.56
2026-01-02T09:40:06,MSFT,239.8951,1017.47
2026-01-02T09:40:06,NVDA,479.5044,440.67
2026-01-02T09:40:07,AAPL,100.2950,569.21
2026-01-02T09:40:07,MSFT,239.8969,1114.32
2026-01-02T09:40:07,NVDA,479.5111,658.67
2026-01-02T09:40:08,AAPL,100.2779,446.67
2026-01-02T09:40:08,MSFT,239.8783,1092.82
2026-01-02T09:40:08,NVDA,479.5329,776.41
2026-01-02T09:40:09,AAPL,100.2760,790.65
2026-01-02T09:40:09,MSFT,239.8786,1050.58
2026-01-02T09:40:09,NVDA,479.5430,443.16
2026-01-02T09:40:10,AAPL,100.2924,452.63
2026-01-02T09:40:10,MSFT,239.8749,550.51
2026-01-02T09:40:10,NVDA,479.5445,573.71
2026-01-02T09:40:11,AAPL,100.2721,611.62
2026-01-02T09:40:11,MSFT,239.8835,766.57
2026-01-02T09:40:11,NVDA,479.5616,1044.85
2026-01-02T09:40:12,AAPL,100.2761,902.62
2026-01-02T09:40:12,MSFT,239.8742,784.78
2026-01-02T09:40:12,NVDA,479.5333,899.69
2026-01-02T09:40:13,AAPL,100.2902,973.85
2026-01-02T09:40:13,MSFT,239.8744,961.18
2026-01-02T09:40:13,NVDA,479.5301,698.93
2026-01-02T09:40:14,AAPL,100.2981,930.67
2026-01-02T09:40:14,MSFT,239.8968,931.24
2026-01-02T09:40:14,NVDA,479.5030,623.94
2026-01-02T09:40:15,AAPL,100.2790,813.93
2026-01-02T09:40:15,MSFT,239.8863,1045.22
2026-01-02T09:40:15,NVDA,479.4961,915.52
2026-01-02T09:40:16,AAPL,100.2817,861.89
2026-01-02T09:40:16,MSFT,239.8763,793.97
2026-01-02T09:40:16,NVDA,479.4859,781.77
2026-01-02T09:40:17,AAPL,100.2840,922.67
2026-01-02T09:40:17,MSFT,239.8721,948.25
2026-01-02T09:40:17,NVDA,479.4945,1094.98
2026-01-02T09:40:18,AAPL,100.2348,684.32
2026-01-02T09:40:18,MSFT,239.8851,346.18
2026-01-02T09:40:18,NVDA,479.5321,814.80
2026-01-02T09:40:19,AAPL,100.2046,930.61
2026-01-02T09:40:19,MSFT,239.8750,635.69
2026-01-02T09:40:19,NVDA,479.5691,730.36
2026-01-02T09:40:20,AAPL,100.1906,1161.43
2026-01-02T09:40:20,MSFT,239.8848,739.78
2026-01-02T09:40:20,NVDA,479.5498,763.29
2026-01-02T09:40:21,AAPL,100.2147,623.15
2026-01-02T09:40:21,MSFT,239.8725,1029.42
2026-01-02T09:40:21,NVDA,479.5432,818.08
2026-01-02T09:40:22,AAPL,100.2230,729.79
2026-01-02T09:40:22,MSFT,239.8487,761.81
2026-01-02T09:40:22,NVDA,479.5747,1191.04
2026-01-02T09:40:23,AAPL,100.2217,794.84
2026-01-02T09:40:23,MSFT,239.8628,907.23
2026-01-02T09:40:23,NVDA,479.5825,443.76
2026-01-02T09:40:24,AAPL,100.2159,838.66
2026-01-02T09:40:24,MSFT,239.8481,734.11
2026-01-02T09:40:24,NVDA,479.6257,753.71
2026-01-02T09:40:25,AAPL,100.1948,460.32
2026-01-02T09:40:25,MSFT,239.8484,696.01
2026-01-02T09:40:25,NVDA,479.6044,840.95
2026-01-02T09:40:26,AAPL,100.1995,831.42
2026-01-02T09:40:26,MSFT,239.8523,578.78
2026-01-02T09:40:26,NVDA,479.5888,741.29
2026-01-02T09:40:27,AAPL,100.1992,978.12
2026-01-02T09:40:27,MSFT,239.8455,660.04
2026-01-02T09:40:27,NVDA,479.6264,828.52
2026-01-02T09:40:28,AAPL,100.1786,744.03
2026-01-02T09:40:28,MSFT,239.8336,595.35
2026-01-02T09:40:28,NVDA,479.5935,656.72
2026-01-02T09:40:29,AAPL,100.2100,981.89
2026-01-02T09:40:29,MSFT,239.8478,995.77
2026-01-02T09:40:29,NVDA,479.5906,872.62
2026-01-02T09:40:30,AAPL,100.2120,607.75
2026-01-02T09:40:30,MSFT,239.8367,962.06
2026-01-02T09:40:30,NVDA,479.5606,836.17
2026-01-02T09:40:31,AAPL,100.2222,935.49
2026-01-02T09:40:31,MSFT,239.8408,583.87
2026-01-02T09:40:31,NVDA,479.5746,775.11
2026-01-02T09:40:32,AAPL,100.2080,442.02
2026-01-02T09:40:32,MSFT,239.8458,520.56
2026-01-02T09:40:32,NVDA,479.5323,1114.62
2026-01-02T09:40:33,AAPL,100.1904,724.40
2026-01-02T09:40:33,MSFT,239.8469,812.64
2026-01-02T09:40:33,NVDA,479.5073,672.50
2026-01-02T09:40:34,AAPL,100.2030,749.82
2026-01-02T09:40:34,MSFT,239.8472,410.73
2026-01-02T09:40:34,NVDA,479.4934,954.33
2026-01-02T09:40:35,AAPL,100.1925,628.72
2026-01-02T09:40:35,MSFT,239.8514,907.76
2026-01-02T09:40:35,NVDA,479.5022,698.05
2026-01-02T09:40:36,AAPL,100.2042,1093.21
2026-01-02T09:40:36,MSFT,239.8635,518.60
2026-01-02T09:40:36,NVDA,479.5759,561.39
2026-01-02T09:40:37,AAPL,100.1862,854.79
2026-01-02T09:40:37,MSFT,239.8630,865.04
2026-01-02T09:40:37,NVDA,479.6091,967.49
2026-01-02T09:40:38,AAPL,100.1733,812.97
2026-01-02T09:40:38,MSFT,239.8736,989.52
2026-01-02T09:40:38,NVDA,479.6377,947.14
2026-01-02T09:40:39,AAPL,100.1844,707.57
2026-01-02T09:40:39,MSFT,239.8609,876.03
2026-01-02T09:40:39,NVDA,479.6268,1024.01
2026-01-02T09:40:40,AAPL,100.1718,731.39
2026-01-02T09:40:40,MSFT,239.8571,974.06
2026-01-02T09:40:40,NVDA,479.6461,804.11
2026-01-02T09:40:41,AAPL,100.1766,1090.66
2026-01-02T09:40:41,MSFT,239.8399,934.65
2026-01-02T09:40:41,NVDA,479.6735,1018.57
2026-01-02T09:40:42,AAPL,100.1891,660.70
2026-01-02T09:40:42,MSFT,239.8350,919.19
2026-01-02T09:40:42,NVDA,479.6593,764.30
2026-01-02T09:40:43,AAPL,100.1670,585.36
2026-01-02T09:40:43,MSFT,239.8389,723.32
2026-01-02T09:40:43,NVDA,479.6408,766.19
2026-01-02T09:40:44,AAPL,100.1720,752.98
2026-01-02T09:40:44,MSFT,239.8411,815.93
2026-01-02T09:40:44,NVDA,479.6349,797.96
2026-01-02T09:40:45,AAPL,100.1591,709.71
2026-01-02T09:40:45,MSFT,239.8232,590.04
2026-01-02T09:40:45,NVDA,479.6057,728.20
2026-01-02T09:40:46,AAPL,100.1765,798.37
2026-01-02T09:40:46,MSFT,239.8252,630.36
2026-01-02T09:40:46,NVDA,479.6134,1105.24
2026-01-02T09:40:47,AAPL,100.1757,651.55
2026-01-02T09:40:47,MSFT,239.8140,847.32
2026-01-02T09:40:47,NVDA,479.5903,928.41
2026-01-02T09:40:48,AAPL,100.1610,501.90
2026-01-02T09:40:48,MSFT,239.8192,567.13
2026-01-02T09:40:48,NVDA,479.6059,986.74
2026-01-02T09:40:49,AAPL,100.1526,837.49
2026-01-02T09:40:49,MSFT,239.8336,716.33
2026-01-02T09:40:49,NVDA,479.6464,740.86
2026-01-02T09:40:50,AAPL,100.1390,817.56
2026-01-02T09:40:50,MSFT,239.8364,1004.19
2026-01-02T09:40:50,NVDA,479.6690,866.51
2026-01-02T09:40:51,AAPL,100.1493,832.56
2026-01-02T09:40:51,MSFT,239.8447,706.63
2026-01-02T09:40:51,NVDA,479.6424,837.54
2026-01-02T09:40:52,AAPL,100.1901,945.38
2026-01-02T09:40:52,MSFT,239.8382,1050.90
2026-01-02T09:40:52,NVDA,479.5963,754.66
2026-01-02T09:40:53,AAPL,100.1965,678.82
2026-01-02T09:40:53,MSFT,239.8328,769.40
2026-01-02T09:40:53,NVDA,479.5832,658.85
2026-01-02T09:40:54,AAPL,100.1807,519.19
2026-01-02T09:40:54,MSFT,239.8236,781.72
2026-01-02T09:40:54,NVDA,479.6088,680.59
2026-01-02T09:40:55,AAPL,100.1630,1088.98
2026-01-02T09:40:55,MSFT,239.8126,817.03
2026-01-02T09:40:55,NVDA,479.5859,670.59
2026-01-02T09:40:56,AAPL,100.1693,883.01
2026-01-02T09:40:56,MSFT,239.8258,920.38
2026-01-02T09:40:56,NVDA,479.5902,912.42
2026-01-02T09:40:57,AAPL,100.1543,1017.89
2026-01-02T09:40:57,MSFT,239.8316,888.16
2026-01-02T09:40:57,NVDA,479.6057,533.65
2026-01-02T09:40:58,AAPL,100.1378,823.81
2026-01-02T09:40:58,MSFT,239.8335,903.51
2026-01-02T09:40:58,NVDA,479.6088,766.79
2026-01-02T09:40:59,AAPL,100.1572,862.92
2026-01-02T09:40:59,MSFT,239.8415,1015.14
2026-01-02T09:40:59,NVDA,479.6409,857.18
2026-01-02T09:41:00,AAPL,100.1685,847.88
2026-01-02T09:41:00,MSFT,239.8527,1210.51
2026-01-02T09:41:00,NVDA,479.6152,664.51
2026-01-02T09:41:01,AAPL,100.1928,833.50
2026-01-02T09:41:01,MSFT,239.8489,675.06
2026-01-02T09:41:01,NVDA,479.6392,900.87
2026-01-02T09:41:02,AAPL,100.2234,783.58
2026-01-02T09:41:02,MSFT,239.8584,1097.70
2026-01-02T09:41:02,NVDA,479.6038,610.39
2026-01-02T09:41:03,AAPL,100.2279,696.94
2026-01-02T09:41:03,MSFT,239.8546,681.03
2026-01-02T09:41:03,NVDA,479.6006,637.28
2026-01-02T09:41:04,AAPL,100.2092,869.33
2026-01-02T09:41:04,MSFT,239.8564,976.20
2026-01-02T09:41:04,NVDA,479.6141,876.31
2026-01-02T09:41:05,AAPL,100.2210,635.33
2026-01-02T09:41:05,MSFT,239.8519,849.48
2026-01-02T09:41:05,NVDA,479.6380,916.38
2026-01-02T09:41:06,AAPL,100.2183,766.47
2026-01-02T09:41:06,MSFT,239.8548,591.85
2026-01-02T09:41:06,NVDA,479.6597,939.01
2026-01-02T09:41:07,AAPL,100.2327,978.82
2026-01-02T09:41:07,MSFT,239.8653,460.87
2026-01-02T09:41:07,NVDA,479.6658,542.62
2026-01-02T09:41:08,AAPL,100.2189,776.09
2026-01-02T09:41:08,MSFT,239.8776,859.61
2026-01-02T09:41:08,NVDA,479.6721,1121.41
2026-01-02T09:41:09,AAPL,100.2230,629.05
2026-01-02T09:41:09,MSFT,239.8642,642.87
2026-01-02T09:41:09,NVDA,479.6753,522.68
2026-01-02T09:41:10,AAPL,100.2301,855.60
2026-01-02T09:41:10,MSFT,239.8575,818.74
2026-01-02T09:41:10,NVDA,479.6887,686.25
2026-01-02T09:41:11,AAPL,100.2415,670.99
2026-01-02T09:41:11,MSFT,239.8638,1062.37
2026-01-02T09:41:11,NVDA,479.6973,570.78
2026-01-02T09:41:12,AAPL,100.2434,814.59
2026-01-02T09:41:12,MSFT,239.8557,573.29
2026-01-02T09:41:12,NVDA,479.6882,956.30
2026-01-02T09:41:13,AAPL,100.2561,1015.98
2026-01-02T09:41:13,MSFT,239.8557,1153.63
2026-01-02T09:41:13,NVDA,479.6676,879.35
2026-01-02T09:41:14,AAPL,100.2530,1068.45
2026-01-02T09:41:14,MSFT,239.8565,614.22
2026-01-02T09:41:14,NVDA,479.6741,598.04
2026-01-02T09:41:15,AAPL,100.2404,966.75
2026-01-02T09:41:15,MSFT,239.8568,954.01
2026-01-02T09:41:15,NVDA,479.6528,1033.42
2026-01-02T09:41:16,AAPL,100.2383,447.67
2026-01-02T09:41:16,MSFT,239.8484,548.46
2026-01-02T09:41:16,NVDA,479.6166,891.89
2026-01-02T09:41:17,AAPL,100.2442,906.35
2026-01-02T09:41:17,MSFT,239.8415,895.71
2026-01-02T09:41:17,NVDA,479.5804,713.08
2026-01-02T09:41:18,AAPL,100.2423,697.34
2026-01-02T09:41:18,MSFT,239.8430,795.91
2026-01-02T09:41:18,NVDA,479.5927,854.63
2026-01-02T09:41:19,AAPL,100.2572,713.56
2026-01-02T09:41:19,MSFT,239.8500,849.95
2026-01-02T09:41:19,NVDA,479.5993,824.07
2026-01-02T09:41:20,AAPL,100.2253,1145.15
2026-01-02T09:41:20,MSFT,239.8413,656.64
2026-01-02T09:41:20,NVDA,479.5917,564.20
2026-01-02T09:41:21,AAPL,100.2520,688.45
2026-01-02T09:41:21,MSFT,239.8350,650.66
2026-01-02T09:41:21,NVDA,479.6031,1051.25
2026-01-02T09:41:22,AAPL,100.2566,660.65
2026-01-02T09:41:22,MSFT,239.8487,851.04
2026-01-02T09:41:22,NVDA,479.5856,787.04
2026-01-02T09:41:23,AAPL,100.2590,842.67
2026-01-02T09:41:23,MSFT,239.8492,804.31
2026-01-02T09:41:23,NVDA,479.6326,1310.07
2026-01-02T09:41:24,AAPL,100.2621,634.90
2026-01-02T09:41:24,MSFT,239.8392,946.36
2026-01-02T09:41:24,NVDA,479.5925,767.28
2026-01-02T09:41:25,AAPL,100.2686,832.70
2026-01-02T09:41:25,MSFT,239.8357,1130.80
2026-01-02T09:41:25,NVDA,479.6129,715.25
2026-01-02T09:41:26,AAPL,100.2808,766.89
2026-01-02T09:41:26,MSFT,239.8310,726.64
2026-01-02T09:41:26,NVDA,479.6430,699.37
2026-01-02T09:41:27,AAPL,100.2802,983.61
2026-01-02T09:41:27,MSFT,239.8345,843.27
2026-01-02T09:41:27,NVDA,479.6268,1219.55
2026-01-02T09:41:28,AAPL,100.2930,373.66
2026-01-02T09:41:28,MSFT,239.8481,568.51
2026-01-02T09:41:28,NVDA,479.5930,674.37
2026-01-02T09:41:29,AAPL,100.3124,750.96
2026-01-02T09:41:29,MSFT,239.8507,499.40
2026-01-02T09:41:29,NVDA,479.6204,751.90
2026-01-02T09:41:30,AAPL,100.2935,858.47
2026-01-02T09:41:30,MSFT,239.8561,815.30
2026-01-02T09:41:30,NVDA,479.6532,905.05
2026-01-02T09:41:31,AAPL,100.3165,790.14
2026-01-02T09:41:31,MSFT,239.8577,955.55
2026-01-02T09:41:31,NVDA,479.6827,740.04
2026-01-02T09:41:32,AAPL,100.3453,820.76
2026-01-02T09:41:32,MSFT,239.8582,879.53
2026-01-02T09:41:32,NVDA,479.6618,503.72
2026-01-02T09:41:33,AAPL,100.3767,991.57
2026-01-02T09:41:33,MSFT,239.8495,824.68
2026-01-02T09:41:33,NVDA,479.6779,712.17
2026-01-02T09:41:34,AAPL,100.3987,710.99
2026-01-02T09:41:34,MSFT,239.8599,686.52
2026-01-02T09:41:34,NVDA,479.6910,1078.97
2026-01-02T09:41:35,AAPL,100.4063,712.15
2026-01-02T09:41:35,MSFT,239.8626,930.47
2026-01-02T09:41:35,NVDA,479.6808,728.91
2026-01-02T09:41:36,AAPL,100.4332,1051.45
2026-01-02T09:41:36,MSFT,239.8565,562.70
2026-01-02T09:41:36,NVDA,479.6493,599.34
2026-01-02T09:41:37,AAPL,100.4294,786.37
2026-01-02T09:41:37,MSFT,239.8431,827.83
2026-01-02T09:41:37,NVDA,479.5772,825.17
2026-01-02T09:41:38,AAPL,100.4541,581.28
2026-01-02T09:41:38,MSFT,239.8148,829.98
2026-01-02T09:41:38,NVDA,479.5952,726.48
2026-01-02T09:41:39,AAPL,100.4580,1032.39
2026-01-02T09:41:39,MSFT,239.8322,907.64
2026-01-02T09:41:39,NVDA,479.5648,830.49
2026-01-02T09:41:40,AAPL,100.4435,797.20
2026-01-02T09:41:40,MSFT,239.8303,697.23
2026-01-02T09:41:40,NVDA,479.6036,759.02
2026-01-02T09:41:41,AAPL,100.4218,868.32
2026-01-02T09:41:41,MSFT,239.8377,809.19
2026-01-02T09:41:41,NVDA,479.5847,722.17
2026-01-02T09:41:42,AAPL,100.4134,709.16
2026-01-02T09:41:42,MSFT,239.8312,760.21
2026-01-02T09:41:42,NVDA,479.5513,844.42
2026-01-02T09:41:43,AAPL,100.4022,957.88
2026-01-02T09:41:43,MSFT,239.8355,1071.04
2026-01-02T09:41:43,NVDA,479.5177,1054.02
2026-01-02T09:41:44,AAPL,100.4010,911.40
2026-01-02T09:41:44,MSFT,239.8449,973.01
2026-01-02T09:41:44,NVDA,479.5197,881.82
2026-01-02T09:41:45,AAPL,100.4001,930.98
2026-01-02T09:41:45,MSFT,239.8365,872.82
2026-01-02T09:41:45,NVDA,479.5587,1161.16
2026-01-02T09:41:46,AAPL,100.4166,1063.04
2026-01-02T09:41:46,MSFT,239.8422,989.69
2026-01-02T09:41:46,NVDA,479.6078,790.23
2026-01-02T09:41:47,AAPL,100.3933,769.34
2026-01-02T09:41:47,MSFT,239.8445,651.69
2026-01-02T09:41:47,NVDA,479.5784,711.26
2026-01-02T09:41:48,AAPL,100.3753,964.28
2026-01-02T09:41:48,MSFT,239.8621,921.57
2026-01-02T09:41:48,NVDA,479.5440,837.27
2026-01-02T09:41:49,AAPL,100.3630,850.35
2026-01-02T09:41:49,MSFT,239.8544,976.91
2026-01-02T09:41:49,NVDA,479.5621,742.29
2026-01-02T09:41:50,AAPL,100.3710,811.38
2026-01-02T09:41:50,MSFT,239.8721,457.72
2026-01-02T09:41:50,NVDA,479.5729,1023.74
2026-01-02T09:41:51,AAPL,100.3660,710.16
2026-01-02T09:41:51,MSFT,239.8744,634.45
2026-01-02T09:41:51,NVDA,479.5600,615.65
2026-01-02T09:41:52,AAPL,100.3639,423.44
2026-01-02T09:41:52,MSFT,239.8689,900.52
2026-01-02T09:41:52,NVDA,479.5510,725.86
2026-01-02T09:41:53,AAPL,100.3779,1084.00
2026-01-02T09:41:53,MSFT,239.8620,1016.89
2026-01-02T09:41:53,NVDA,479.5078,647.75
2026-01-02T09:41:54,AAPL,100.3864,846.38
2026-01-02T09:41:54,MSFT,239.8637,955.67
2026-01-02T09:41:54,NVDA,479.5032,937.25
2026-01-02T09:41:55,AAPL,100.3796,687.05
2026-01-02T09:41:55,MSFT,239.8455,921.74
2026-01-02T09:41:55,NVDA,479.4820,981.36
2026-01-02T09:41:56,AAPL,100.3952,760.01
2026-01-02T09:41:56,MSFT,239.8468,835.61
2026-01-02T09:41:56,NVDA,479.4774,537.45
2026-01-02T09:41:57,AAPL,100.4174,697.79
2026-01-02T09:41:57,MSFT,239.8526,852.44
2026-01-02T09:41:57,NVDA,479.4851,839.41
2026-01-02T09:41:58,AAPL,100.4316,643.27
2026-01-02T09:41:58,MSFT,239.8630,829.86
2026-01-02T09:41:58,NVDA,479.4866,725.28
2026-01-02T09:41:59,AAPL,100.4314,904.25
2026-01-02T09:41:59,MSFT,239.8518,490.30
2026-01-02T09:41:59,NVDA,479.4802,926.38
2026-01-02T09:42:00,AAPL,100.4274,1046.81
2026-01-02T09:42:00,MSFT,239.8653,1052.45
2026-01-02T09:42:00,NVDA,479.5170,847.44
2026-01-02T09:42:01,AAPL,100.4364,677.22
2026-01-02T09:42:01,MSFT,239.8389,872.97
2026-01-02T09:42:01,NVDA,479.4982,763.79
2026-01-02T09:42:02,AAPL,100.3996,961.56
2026-01-02T09:42:02,MSFT,239.8374,693.67
2026-01-02T09:42:02,NVDA,479.4699,653.73
2026-01-02T09:42:03,AAPL,100.3874,625.21
2026-01-02T09:42:03,MSFT,239.8238,762.23
2026-01-02T09:42:03,NVDA,479.4619,954.69
2026-01-02T09:42:04,AAPL,100.3616,719.75
2026-01-02T09:42:04,MSFT,239.8153,861.36
2026-01-02T09:42:04,NVDA,479.4611,952.82
2026-01-02T09:42:05,AAPL,100.3897,800.19
2026-01-02T09:42:05,MSFT,239.8211,665.07
2026-01-02T09:42:05,NVDA,479.4584,804.47
2026-01-02T09:42:06,AAPL,100.4223,594.88
2026-01-02T09:42:06,MSFT,239.8203,803.50
2026-01-02T09:42:06,NVDA,479.4401,863.44
2026-01-02T09:42:07,AAPL,100.4230,821.52
2026-01-02T09:42:07,MSFT,239.8136,932.23
2026-01-02T09:42:07,NVDA,479.4173,733.01
2026-01-02T09:42:08,AAPL,100.4362,1051.62
2026-01-02T09:42:08,MSFT,239.8066,912.11
2026-01-02T09:42:08,NVDA,479.4157,987.92
2026-01-02T09:42:09,AAPL,100.4384,1105.47
2026-01-02T09:42:09,MSFT,239.8224,624.82
2026-01-02T09:42:09,NVDA,479.4080,664.91
2026-01-02T09:42:10,AAPL,100.4376,472.89
2026-01-02T09:42:10,MSFT,239.8062,983.56
2026-01-02T09:42:10,NVDA,479.4170,935.63
2026-01-02T09:42:11,AAPL,100.4246,610.80
2026-01-02T09:42:11,MSFT,239.8047,1048.91
2026-01-02T09:42:11,NVDA,479.4194,832.94
2026-01-02T09:42:12,AAPL,100.4427,868.34
2026-01-02T09:42:12,MSFT,239.8070,876.93
2026-01-02T09:42:12,NVDA,479.4151,1083.21
2026-01-02T09:42:13,AAPL,100.4417,670.31
2026-01-02T09:42:13,MSFT,239.8143,970.40
2026-01-02T09:42:13,NVDA,479.4038,930.32
2026-01-02T09:42:14,AAPL,100.4583,196.69
2026-01-02T09:42:14,MSFT,239.7976,872.09
2026-01-02T09:42:14,NVDA,479.3810,1103.56
2026-01-02T09:42:15,AAPL,100.4637,781.71
2026-01-02T09:42:15,MSFT,239.7987,731.62
2026-01-02T09:42:15,NVDA,479.3655,821.93
2026-01-02T09:42:16,AAPL,100.4792,521.53
2026-01-02T09:42:16,MSFT,239.8016,719.07
2026-01-02T09:42:16,NVDA,479.3681,664.68
2026-01-02T09:42:17,AAPL,100.4818,607.01
2026-01-02T09:42:17,MSFT,239.8019,753.15
2026-01-02T09:42:17,NVDA,479.3270,875.29
2026-01-02T09:42:18,AAPL,100.4402,732.38
2026-01-02T09:42:18,MSFT,239.7875,846.26
2026-01-02T09:42:18,NVDA,479.3191,947.05
2026-01-02T09:42:19,AAPL,100.4376,761.67
2026-01-02T09:42:19,MSFT,239.7992,716.33
2026-01-02T09:42:19,NVDA,479.3188,1056.73
2026-01-02T09:42:20,AAPL,100.4480,1156.92
2026-01-02T09:42:20,MSFT,239.8042,704.66
2026-01-02T09:42:20,NVDA,479.3462,966.02
2026-01-02T09:42:21,AAPL,100.4444,897.22
2026-01-02T09:42:21,MSFT,239.8039,889.65
2026-01-02T09:42:21,NVDA,479.3475,776.62
2026-01-02T09:42:22,AAPL,100.4702,882.12
2026-01-02T09:42:22,MSFT,239.7911,837.51
2026-01-02T09:42:22,NVDA,479.3405,856.34
2026-01-02T09:42:23,AAPL,100.4743,865.92
2026-01-02T09:42:23,MSFT,239.7746,517.78
2026-01-02T09:42:23,NVDA,479.3760,795.20
2026-01-02T09:42:24,AAPL,100.4949,894.97
2026-01-02T09:42:24,MSFT,239.7698,496.07
2026-01-02T09:42:24,NVDA,479.3893,893.11
2026-01-02T09:42:25,AAPL,100.5216,763.55
2026-01-02T09:42:25,MSFT,239.7710,474.55
2026-01-02T09:42:25,NVDA,479.3746,844.27
2026-01-02T09:42:26,AAPL,100.5169,642.69
2026-01-02T09:42:26,MSFT,239.7857,1088.48
2026-01-02T09:42:26,NVDA,479.3484,817.81
2026-01-02T09:42:27,AAPL,100.5109,1067.27
2026-01-02T09:42:27,MSFT,239.7885,907.51
2026-01-02T09:42:27,NVDA,479.3255,1038.95
2026-01-02T09:42:28,AAPL,100.5069,1135.33
2026-01-02T09:42:28,MSFT,239.7999,682.83
2026-01-02T09:42:28,NVDA,479.3391,843.82
2026-01-02T09:42:29,AAPL,100.5041,934.98
2026-01-02T09:42:29,MSFT,239.8002,805.06
2026-01-02T09:42:29,NVDA,479.3238,666.01
2026-01-02T09:42:30,AAPL,100.5057,832.16
2026-01-02T09:42:30,MSFT,239.8114,556.18
2026-01-02T09:42:30,NVDA,479.3271,1086.90
2026-01-02T09:42:31,AAPL,100.4960,612.18
2026-01-02T09:42:31,MSFT,239.8026,942.46
2026-01-02T09:42:31,NVDA,479.2960,803.51
2026-01-02T09:42:32,AAPL,100.4865,696.41
2026-01-02T09:42:32,MSFT,239.8000,732.58
2026-01-02T09:42:32,NVDA,479.2872,790.29
2026-01-02T09:42:33,AAPL,100.4910,718.37
2026-01-02T09:42:33,MSFT,239.8052,713.67
2026-01-02T09:42:33,NVDA,479.2764,807.53
2026-01-02T09:42:34,AAPL,100.4657,652.23
2026-01-02T09:42:34,MSFT,239.7990,615.89
2026-01-02T09:42:34,NVDA,479.2711,668.02
2026-01-02T09:42:35,AAPL,100.4525,982.88
2026-01-02T09:42:35,MSFT,239.8203,978.91
2026-01-02T09:42:35,NVDA,479.2790,1002.32
2026-01-02T09:42:36,AAPL,100.4577,753.08
2026-01-02T09:42:36,MSFT,239.8219,739.54
2026-01-02T09:42:36,NVDA,479.2244,648.55
2026-01-02T09:42:37,AAPL,100.4458,887.05
2026-01-02T09:42:37,MSFT,239.8176,476.04
2026-01-02T09:42:37,NVDA,479.2241,851.60
2026-01-02T09:42:38,AAPL,100.4578,865.57
2026-01-02T09:42:38,MSFT,239.8420,643.87
2026-01-02T09:42:38,NVDA,479.2575,965.78
2026-01-02T09:42:39,AAPL,100.4487,776.94
2026-01-02T09:42:39,MSFT,239.8350,777.70
2026-01-02T09:42:39,NVDA,479.2469,719.92
2026-01-02T09:42:40,AAPL,100.4491,613.56
2026-01-02T09:42:40,MSFT,239.8467,958.06
2026-01-02T09:42:40,NVDA,479.2300,955.28
2026-01-02T09:42:41,AAPL,100.4338,478.88
2026-01-02T09:42:41,MSFT,239.8503,898.38
2026-01-02T09:42:41,NVDA,479.2120,894.71
2026-01-02T09:42:42,AAPL,100.4637,1342.23
2026-01-02T09:42:42,MSFT,239.8421,858.80
2026-01-02T09:42:42,NVDA,479.1818,1309.67
2026-01-02T09:42:43,AAPL,100.4576,954.80
2026-01-02T09:42:43,MSFT,239.8435,609.73
2026-01-02T09:42:43,NVDA,479.1771,556.35
2026-01-02T09:42:44,AAPL,100.4485,751.74
2026-01-02T09:42:44,MSFT,239.8462,391.09
2026-01-02T09:42:44,NVDA,479.1759,1259.54
2026-01-02T09:42:45,AAPL,100.4347,858.65
2026-01-02T09:42:45,MSFT,239.8424,292.00
2026-01-02T09:42:45,NVDA,479.1515,676.97
2026-01-02T09:42:46,AAPL,100.4479,793.69
2026-01-02T09:42:46,MSFT,239.8407,921.18
2026-01-02T09:42:46,NVDA,479.1552,770.31
2026-01-02T09:42:47,AAPL,100.4584,552.28
2026-01-02T09:42:47,MSFT,239.8391,1025.60
2026-01-02T09:42:47,NVDA,479.1021,657.68
2026-01-02T09:42:48,AAPL,100.4612,841.24
2026-01-02T09:42:48,MSFT,239.8362,877.39
2026-01-02T09:42:48,NVDA,479.0804,976.30
2026-01-02T09:42:49,AAPL,100.4646,1126.73
2026-01-02T09:42:49,MSFT,239.8452,899.29
2026-01-02T09:42:49,NVDA,479.1163,655.42
2026-01-02T09:42:50,AAPL,100.4606,484.97
2026-01-02T09:42:50,MSFT,239.8543,1097.75
2026-01-02T09:42:50,NVDA,479.1046,580.91
2026-01-02T09:42:51,AAPL,100.4780,667.28
2026-01-02T09:42:51,MSFT,239.8497,1077.11
2026-01-02T09:42:51,NVDA,479.0961,766.44
2026-01-02T09:42:52,AAPL,100.5026,906.36
2026-01-02T09:42:52,MSFT,239.8396,1070.95
2026-01-02T09:42:52,NVDA,479.0531,981.35
2026-01-02T09:42:53,AAPL,100.5104,705.79
2026-01-02T09:42:53,MSFT,239.8322,599.77
2026-01-02T09:42:53,NVDA,479.0967,822.40
2026-01-02T09:42:54,AAPL,100.5014,903.30
2026-01-02T09:42:54,MSFT,239.8447,857.39
2026-01-02T09:42:54,NVDA,479.1146,971.72
2026-01-02T09:42:55,AAPL,100.5028,856.99
2026-01-02T09:42:55,MSFT,239.8440,621.38
2026-01-02T09:42:55,NVDA,479.0834,881.11
2026-01-02T09:42:56,AAPL,100.4926,796.21
2026-01-02T09:42:56,MSFT,239.8420,974.65
2026-01-02T09:42:56,NVDA,479.0909,855.16
2026-01-02T09:42:57,AAPL,100.4888,775.16
2026-01-02T09:42:57,MSFT,239.8391,844.93
2026-01-02T09:42:57,NVDA,479.0482,796.44
2026-01-02T09:42:58,AAPL,100.4947,870.79
2026-01-02T09:42:58,MSFT,239.8288,724.20
2026-01-02T09:42:58,NVDA,479.0392,702.81
2026-01-02T09:42:59,AAPL,100.4769,604.44
2026-01-02T09:42:59,MSFT,239.8293,869.39
2026-01-02T09:42:59,NVDA,479.0433,643.13
2026-01-02T09:43:00,AAPL,100.4832,764.22
2026-01-02T09:43:00,MSFT,239.8248,633.45
2026-01-02T09:43:00,NVDA,479.0310,929.06
2026-01-02T09:43:01,AAPL,100.4809,777.83
2026-01-02T09:43:01,MSFT,239.8152,1302.28
2026-01-02T09:43:01,NVDA,478.9749,434.98
2026-01-02T09:43:02,AAPL,100.4734,835.89
2026-01-02T09:43:02,MSFT,239.8334,892.48
2026-01-02T09:43:02,NVDA,478.9828,965.54
2026-01-02T09:43:03,AAPL,100.4753,448.08
2026-01-02T09:43:03,MSFT,239.8364,839.11
2026-01-02T09:43:03,NVDA,479.0375,670.23
2026-01-02T09:43:04,AAPL,100.4946,555.17
2026-01-02T09:43:04,MSFT,239.8522,823.87
2026-01-02T09:43:04,NVDA,479.0589,926.69
2026-01-02T09:43:05,AAPL,100.5052,817.56
2026-01-02T09:43:05,MSFT,239.8461,771.26
2026-01-02T09:43:05,NVDA,479.0402,779.71
2026-01-02T09:43:06,AAPL,100.4815,831.00
2026-01-02T09:43:06,MSFT,239.8563,1016.34
2026-01-02T09:43:06,NVDA,479.0735,827.45
2026-01-02T09:43:07,AAPL,100.4797,754.06
2026-01-02T09:43:07,MSFT,239.8607,929.08
2026-01-02T09:43:07,NVDA,479.0824,557.83
2026-01-02T09:43:08,AAPL,100.5008,885.95
2026-01-02T09:43:08,MSFT,239.8710,809.35
2026-01-02T09:43:08,NVDA,479.0763,1148.76
2026-01-02T09:43:09,AAPL,100.4852,496.13
2026-01-02T09:43:09,MSFT,239.8914,843.27
2026-01-02T09:43:09,NVDA,479.0661,694.69
2026-01-02T09:43:10,AAPL,100.4555,1136.11
2026-01-02T09:43:10,MSFT,239.8989,891.80
2026-01-02T09:43:10,NVDA,479.0871,635.36
2026-01-02T09:43:11,AAPL,100.4628,995.43
2026-01-02T09:43:11,MSFT,239.8773,907.27
2026-01-02T09:43:11,NVDA,479.1062,818.27
2026-01-02T09:43:12,AAPL,100.4500,770.20
2026-01-02T09:43:12,MSFT,239.8732,865.31
2026-01-02T09:43:12,NVDA,479.0934,937.60
2026-01-02T09:43:13,AAPL,100.4427,706.43
2026-01-02T09:43:13,MSFT,239.8853,771.07
2026-01-02T09:43:13,NVDA,479.1071,566.47
2026-01-02T09:43:14,AAPL,100.4659,538.61
2026-01-02T09:43:14,MSFT,239.8867,759.58
2026-01-02T09:43:14,NVDA,479.0884,750.61
2026-01-02T09:43:15,AAPL,100.4849,1113.01
2026-01-02T09:43:15,MSFT,239.8848,735.66
2026-01-02T09:43:15,NVDA,479.0419,1108.72
2026-01-02T09:43:16,AAPL,100.4693,636.22
2026-01-02T09:43:16,MSFT,239.8862,932.13
2026-01-02T09:43:16,NVDA,479.0804,1191.43
2026-01-02T09:43:17,AAPL,100.4810,713.57
2026-01-02T09:43:17,MSFT,239.8801,767.87
2026-01-02T09:43:17,NVDA,479.1010,971.88
2026-01-02T09:43:18,AAPL,100.4907,459.00
2026-01-02T09:43:18,MSFT,239.8749,1062.20
2026-01-02T09:43:18,NVDA,479.0881,785.54
2026-01-02T09:43:19,AAPL,100.5321,786.69
2026-01-02T09:43:19,MSFT,239.8895,1130.97
2026-01-02T09:43:19,NVDA,479.1075,721.72
2026-01-02T09:43:20,AAPL,100.4983,645.39
2026-01-02T09:43:20,MSFT,239.8964,906.55
2026-01-02T09:43:20,NVDA,479.1372,600.94
2026-01-02T09:43:21,AAPL,100.5017,430.98
2026-01-02T09:43:21,MSFT,239.8880,895.27
2026-01-02T09:43:21,NVDA,479.0831,947.01
2026-01-02T09:43:22,AAPL,100.5296,541.50
2026-01-02T09:43:22,MSFT,239.8858,1109.33
2026-01-02T09:43:22,NVDA,479.0960,871.52
2026-01-02T09:43:23,AAPL,100.5316,553.08
2026-01-02T09:43:23,MSFT,239.8849,1031.60
2026-01-02T09:43:23,NVDA,479.0986,929.90
2026-01-02T09:43:24,AAPL,100.5266,643.14
2026-01-02T09:43:24,MSFT,239.8810,610.45
2026-01-02T09:43:24,NVDA,479.0650,796.42
2026-01-02T09:43:25,AAPL,100.5236,630.73
2026-01-02T09:43:25,MSFT,239.8884,632.31
2026-01-02T09:43:25,NVDA,479.0760,889.71
2026-01-02T09:43:26,AAPL,100.5490,861.57
2026-01-02T09:43:26,MSFT,239.8967,813.45
2026-01-02T09:43:26,NVDA,479.0413,954.03
2026-01-02T09:43:27,AAPL,100.5746,777.63
2026-01-02T09:43:27,MSFT,239.9180,966.30
2026-01-02T09:43:27,NVDA,479.0917,767.39
2026-01-02T09:43:28,AAPL,100.5618,810.08
2026-01-02T09:43:28,MSFT,239.9112,835.72
2026-01-02T09:43:28,NVDA,479.0861,829.61
2026-01-02T09:43:29,AAPL,100.5608,624.63
2026-01-02T09:43:29,MSFT,239.9063,1028.44
2026-01-02T09:43:29,NVDA,479.0849,558.65
2026-01-02T09:43:30,AAPL,100.5310,741.96
