timestamp,symbol,price,volume
2026-01-02T09:30:00,AAPL,289.1786,267
2026-01-02T09:30:00,MSFT,410.3177,883
2026-01-02T09:30:00,NVDA,190.5938,843
2026-01-02T09:30:00,TSLA,252.1513,809
2026-01-02T09:30:00,AMD,154.4421,320
2026-01-02T09:30:00,AMZN,275.6503,481
2026-01-02T09:30:00,META,609.3646,91
2026-01-02T09:30:00,GOOGL,379.9310,106
2026-01-02T09:30:00,SPY,705.7204,578
2026-01-02T09:30:00,QQQ,689.6751,441
2026-01-02T09:30:01,AAPL,288.7897,179
2026-01-02T09:30:01,MSFT,410.6721,692
2026-01-02T09:30:01,NVDA,190.4636,711
2026-01-02T09:30:01,TSLA,252.0593,831
2026-01-02T09:30:01,AMD,154.5404,179
2026-01-02T09:30:01,AMZN,276.3079,84
2026-01-02T09:30:01,META,609.9548,153
2026-01-02T09:30:01,GOOGL,380.6441,261
2026-01-02T09:30:01,SPY,706.0640,745
2026-01-02T09:30:01,QQQ,689.4695,672
2026-01-02T09:30:02,AAPL,289.0610,399
2026-01-02T09:30:02,MSFT,410.6547,293
2026-01-02T09:30:02,NVDA,190.4509,614
2026-01-02T09:30:02,TSLA,252.1632,316
2026-01-02T09:30:02,AMD,154.7220,642
2026-01-02T09:30:02,AMZN,275.8448,155
2026-01-02T09:30:02,META,608.7075,353
2026-01-02T09:30:02,GOOGL,380.5064,328
2026-01-02T09:30:02,SPY,706.3959,597
2026-01-02T09:30:02,QQQ,689.2660,810
2026-01-02T09:30:03,AAPL,288.9923,314
2026-01-02T09:30:03,MSFT,409.7510,424
2026-01-02T09:30:03,NVDA,190.2986,631
2026-01-02T09:30:03,TSLA,251.8989,775
2026-01-02T09:30:03,AMD,154.4535,861
2026-01-02T09:30:03,AMZN,276.3064,429
2026-01-02T09:30:03,META,610.0490,125
2026-01-02T09:30:03,GOOGL,380.2384,811
2026-01-02T09:30:03,SPY,706.4057,208
2026-01-02T09:30:03,QQQ,690.0528,373
2026-01-02T09:30:04,AAPL,289.0893,796
2026-01-02T09:30:04,MSFT,410.4266,675
2026-01-02T09:30:04,NVDA,190.5539,389
2026-01-02T09:30:04,TSLA,251.8516,392
2026-01-02T09:30:04,AMD,154.6372,873
2026-01-02T09:30:04,AMZN,275.6293,244
2026-01-02T09:30:04,META,609.2246,159
2026-01-02T09:30:04,GOOGL,380.3504,201
2026-01-02T09:30:04,SPY,705.1113,162
2026-01-02T09:30:04,QQQ,688.8452,254
2026-01-02T09:30:05,AAPL,288.5484,219
2026-01-02T09:30:05,MSFT,410.7097,410
2026-01-02T09:30:05,NVDA,190.7567,704
2026-01-02T09:30:05,TSLA,252.2374,319
2026-01-02T09:30:05,AMD,154.5762,712
2026-01-02T09:30:05,AMZN,275.9169,852
2026-01-02T09:30:05,META,610.1916,625
2026-01-02T09:30:05,GOOGL,380.3004,282
2026-01-02T09:30:05,SPY,706.2043,312
2026-01-02T09:30:05,QQQ,689.8700,851
2026-01-02T09:30:06,AAPL,288.5520,505
2026-01-02T09:30:06,MSFT,410.4347,598
2026-01-02T09:30:06,NVDA,190.1987,665
2026-01-02T09:30:06,TSLA,252.1623,548
2026-01-02T09:30:06,AMD,154.3885,601
2026-01-02T09:30:06,AMZN,275.8880,367
2026-01-02T09:30:06,META,609.6665,710
2026-01-02T09:30:06,GOOGL,380.5649,96
2026-01-02T09:30:06,SPY,706.3200,477
2026-01-02T09:30:06,QQQ,688.8927,425
2026-01-02T09:30:07,AAPL,289.1205,754
2026-01-02T09:30:07,MSFT,409.8989,795
2026-01-02T09:30:07,NVDA,190.2836,713
2026-01-02T09:30:07,TSLA,251.8418,786
2026-01-02T09:30:07,AMD,154.4885,536
2026-01-02T09:30:07,AMZN,276.1995,734
2026-01-02T09:30:07,META,610.1013,221
2026-01-02T09:30:07,GOOGL,380.0935,853
2026-01-02T09:30:07,SPY,705.2384,461
2026-01-02T09:30:07,QQQ,688.8217,639
2026-01-02T09:30:08,AAPL,289.2427,753
2026-01-02T09:30:08,MSFT,410.5980,353
2026-01-02T09:30:08,NVDA,190.4531,748
2026-01-02T09:30:08,TSLA,252.5393,442
2026-01-02T09:30:08,AMD,154.4953,276
2026-01-02T09:30:08,AMZN,275.9277,641
2026-01-02T09:30:08,META,608.9826,414
2026-01-02T09:30:08,GOOGL,380.4898,165
2026-01-02T09:30:08,SPY,705.9054,883
2026-01-02T09:30:08,QQQ,690.1140,427
2026-01-02T09:30:09,AAPL,289.0733,478
2026-01-02T09:30:09,MSFT,409.8211,514
2026-01-02T09:30:09,NVDA,190.6303,740
2026-01-02T09:30:09,TSLA,252.2620,251
2026-01-02T09:30:09,AMD,154.3469,345
2026-01-02T09:30:09,AMZN,275.8534,137
2026-01-02T09:30:09,META,608.6771,748
2026-01-02T09:30:09,GOOGL,380.5561,858
2026-01-02T09:30:09,SPY,705.8318,582
2026-01-02T09:30:09,QQQ,689.2077,110
2026-01-02T09:30:10,AAPL,288.5617,207
2026-01-02T09:30:10,MSFT,411.0084,553
2026-01-02T09:30:10,NVDA,190.3083,671
2026-01-02T09:30:10,TSLA,252.1963,147
2026-01-02T09:30:10,AMD,154.6794,659
2026-01-02T09:30:10,AMZN,276.2445,200
2026-01-02T09:30:10,META,610.0322,311
2026-01-02T09:30:10,GOOGL,380.5325,855
2026-01-02T09:30:10,SPY,704.6624,883
2026-01-02T09:30:10,QQQ,689.2523,753
2026-01-02T09:30:11,AAPL,289.1828,788
2026-01-02T09:30:11,MSFT,410.5157,636
2026-01-02T09:30:11,NVDA,190.4925,446
2026-01-02T09:30:11,TSLA,252.0874,826
2026-01-02T09:30:11,AMD,154.3891,736
2026-01-02T09:30:11,AMZN,275.9418,867
2026-01-02T09:30:11,META,609.8715,531
2026-01-02T09:30:11,GOOGL,379.9900,188
2026-01-02T09:30:11,SPY,706.4545,351
2026-01-02T09:30:11,QQQ,688.0393,854
2026-01-02T09:30:12,AAPL,288.9991,614
2026-01-02T09:30:12,MSFT,410.8211,561
2026-01-02T09:30:12,NVDA,190.6733,553
2026-01-02T09:30:12,TSLA,252.1062,93
2026-01-02T09:30:12,AMD,154.5448,639
2026-01-02T09:30:12,AMZN,276.4124,896
2026-01-02T09:30:12,META,609.3981,880
2026-01-02T09:30:12,GOOGL,379.7805,219
2026-01-02T09:30:12,SPY,706.0327,697
2026-01-02T09:30:12,QQQ,689.8272,567
2026-01-02T09:30:13,AAPL,288.6412,517
2026-01-02T09:30:13,MSFT,410.5549,861
2026-01-02T09:30:13,NVDA,190.5869,552
2026-01-02T09:30:13,TSLA,252.4428,130
2026-01-02T09:30:13,AMD,154.5826,128
2026-01-02T09:30:13,AMZN,275.8098,835
2026-01-02T09:30:13,META,608.9081,590
2026-01-02T09:30:13,GOOGL,380.6940,874
2026-01-02T09:30:13,SPY,704.9330,278
2026-01-02T09:30:13,QQQ,688.0755,213
2026-01-02T09:30:14,AAPL,288.6889,493
2026-01-02T09:30:14,MSFT,410.8855,577
2026-01-02T09:30:14,NVDA,190.7242,153
2026-01-02T09:30:14,TSLA,252.5572,674
2026-01-02T09:30:14,AMD,154.5758,541
2026-01-02T09:30:14,AMZN,276.2535,323
2026-01-02T09:30:14,META,610.4488,176
2026-01-02T09:30:14,GOOGL,380.5781,638
2026-01-02T09:30:14,SPY,705.1932,824
2026-01-02T09:30:14,QQQ,689.4513,93
2026-01-02T09:30:15,AAPL,288.5215,335
2026-01-02T09:30:15,MSFT,411.0914,120
2026-01-02T09:30:15,NVDA,190.6027,117
2026-01-02T09:30:15,TSLA,252.1852,406
2026-01-02T09:30:15,AMD,154.3176,592
2026-01-02T09:30:15,AMZN,275.9505,347
2026-01-02T09:30:15,META,609.0447,368
2026-01-02T09:30:15,GOOGL,380.3928,620
2026-01-02T09:30:15,SPY,704.6610,505
2026-01-02T09:30:15,QQQ,689.3204,639
2026-01-02T09:30:16,AAPL,289.0694,461
2026-01-02T09:30:16,MSFT,410.8697,467
2026-01-02T09:30:16,NVDA,190.4292,532
2026-01-02T09:30:16,TSLA,251.9199,135
2026-01-02T09:30:16,AMD,154.6067,836
2026-01-02T09:30:16,AMZN,275.6354,312
2026-01-02T09:30:16,META,610.5299,431
2026-01-02T09:30:16,GOOGL,380.5090,639
2026-01-02T09:30:16,SPY,706.0761,471
2026-01-02T09:30:16,QQQ,688.7261,422
2026-01-02T09:30:17,AAPL,288.7088,617
2026-01-02T09:30:17,MSFT,410.5973,240
2026-01-02T09:30:17,NVDA,190.8327,139
2026-01-02T09:30:17,TSLA,252.0914,430
2026-01-02T09:30:17,AMD,154.4171,185
2026-01-02T09:30:17,AMZN,275.8373,694
2026-01-02T09:30:17,META,609.7960,570
2026-01-02T09:30:17,GOOGL,380.6860,501
2026-01-02T09:30:17,SPY,706.0072,395
2026-01-02T09:30:17,QQQ,689.9202,419
2026-01-02T09:30:18,AAPL,288.7086,151
2026-01-02T09:30:18,MSFT,410.5330,97
2026-01-02T09:30:18,NVDA,190.5659,570
2026-01-02T09:30:18,TSLA,252.5298,210
2026-01-02T09:30:18,AMD,154.3068,365
2026-01-02T09:30:18,AMZN,275.7873,737
2026-01-02T09:30:18,META,610.6427,830
2026-01-02T09:30:18,GOOGL,379.8000,497
2026-01-02T09:30:18,SPY,706.4422,897
2026-01-02T09:30:18,QQQ,689.8437,377
2026-01-02T09:30:19,AAPL,288.8198,613
2026-01-02T09:30:19,MSFT,410.9792,87
2026-01-02T09:30:19,NVDA,190.7674,587
2026-01-02T09:30:19,TSLA,252.3354,464
2026-01-02T09:30:19,AMD,154.4777,280
2026-01-02T09:30:19,AMZN,275.9609,387
2026-01-02T09:30:19,META,610.2643,236
2026-01-02T09:30:19,GOOGL,379.7858,542
2026-01-02T09:30:19,SPY,704.7003,670
2026-01-02T09:30:19,QQQ,689.7852,773
2026-01-02T09:30:20,AAPL,288.7144,504
2026-01-02T09:30:20,MSFT,410.6250,698
2026-01-02T09:30:20,NVDA,190.3503,109
2026-01-02T09:30:20,TSLA,252.3092,689
2026-01-02T09:30:20,AMD,154.3098,84
2026-01-02T09:30:20,AMZN,276.2931,577
2026-01-02T09:30:20,META,610.7177,93
2026-01-02T09:30:20,GOOGL,380.7207,599
2026-01-02T09:30:20,SPY,704.5848,234
2026-01-02T09:30:20,QQQ,688.8026,892
2026-01-02T09:30:21,AAPL,288.8631,419
2026-01-02T09:30:21,MSFT,410.6162,100
2026-01-02T09:30:21,NVDA,190.4005,885
2026-01-02T09:30:21,TSLA,251.9847,169
2026-01-02T09:30:21,AMD,154.3578,635
2026-01-02T09:30:21,AMZN,276.1379,778
2026-01-02T09:30:21,META,609.0463,620
2026-01-02T09:30:21,GOOGL,380.6230,801
2026-01-02T09:30:21,SPY,706.3857,640
2026-01-02T09:30:21,QQQ,687.9856,229
2026-01-02T09:30:22,AAPL,289.0055,893
2026-01-02T09:30:22,MSFT,410.1788,372
2026-01-02T09:30:22,NVDA,190.6162,612
2026-01-02T09:30:22,TSLA,252.2185,444
2026-01-02T09:30:22,AMD,154.5293,354
2026-01-02T09:30:22,AMZN,276.2955,681
2026-01-02T09:30:22,META,609.6756,567
2026-01-02T09:30:22,GOOGL,379.8939,747
2026-01-02T09:30:22,SPY,705.4124,332
2026-01-02T09:30:22,QQQ,689.7837,444
2026-01-02T09:30:23,AAPL,288.6026,746
2026-01-02T09:30:23,MSFT,410.9782,516
2026-01-02T09:30:23,NVDA,190.4620,157
2026-01-02T09:30:23,TSLA,251.9688,759
2026-01-02T09:30:23,AMD,154.4607,404
2026-01-02T09:30:23,AMZN,276.0883,340
2026-01-02T09:30:23,META,610.3043,451
2026-01-02T09:30:23,GOOGL,380.2639,503
2026-01-02T09:30:23,SPY,704.8875,817
2026-01-02T09:30:23,QQQ,687.7895,210
2026-01-02T09:30:24,AAPL,289.3634,316
2026-01-02T09:30:24,MSFT,410.5032,643
2026-01-02T09:30:24,NVDA,190.4422,384
2026-01-02T09:30:24,TSLA,252.6274,685
2026-01-02T09:30:24,AMD,154.3682,546
2026-01-02T09:30:24,AMZN,275.7793,815
2026-01-02T09:30:24,META,610.7519,641
2026-01-02T09:30:24,GOOGL,380.3070,99
2026-01-02T09:30:24,SPY,704.7516,594
2026-01-02T09:30:24,QQQ,687.8646,519
2026-01-02T09:30:25,AAPL,289.3857,169
2026-01-02T09:30:25,MSFT,410.3626,236
2026-01-02T09:30:25,NVDA,190.3513,155
2026-01-02T09:30:25,TSLA,252.7081,762
2026-01-02T09:30:25,AMD,154.3260,853
2026-01-02T09:30:25,AMZN,276.1135,484
2026-01-02T09:30:25,META,610.2202,431
2026-01-02T09:30:25,GOOGL,379.6016,801
2026-01-02T09:30:25,SPY,705.5842,607
2026-01-02T09:30:25,QQQ,688.3320,866
2026-01-02T09:30:26,AAPL,288.6287,311
2026-01-02T09:30:26,MSFT,410.0796,334
2026-01-02T09:30:26,NVDA,190.4746,139
2026-01-02T09:30:26,TSLA,252.4116,174
2026-01-02T09:30:26,AMD,154.2328,88
2026-01-02T09:30:26,AMZN,276.3833,243
2026-01-02T09:30:26,META,610.0974,593
2026-01-02T09:30:26,GOOGL,380.6767,329
2026-01-02T09:30:26,SPY,705.8966,584
2026-01-02T09:30:26,QQQ,688.3589,511
2026-01-02T09:30:27,AAPL,288.9494,82
2026-01-02T09:30:27,MSFT,410.5344,769
2026-01-02T09:30:27,NVDA,190.8336,526
2026-01-02T09:30:27,TSLA,252.1260,450
2026-01-02T09:30:27,AMD,154.3545,148
2026-01-02T09:30:27,AMZN,276.0445,422
2026-01-02T09:30:27,META,610.5204,80
2026-01-02T09:30:27,GOOGL,380.4035,267
2026-01-02T09:30:27,SPY,706.1457,126
2026-01-02T09:30:27,QQQ,688.0117,805
2026-01-02T09:30:28,AAPL,288.8034,116
2026-01-02T09:30:28,MSFT,410.2928,188
2026-01-02T09:30:28,NVDA,190.8112,790
2026-01-02T09:30:28,TSLA,252.0701,146
2026-01-02T09:30:28,AMD,154.3192,386
2026-01-02T09:30:28,AMZN,276.4638,726
2026-01-02T09:30:28,META,609.4138,892
2026-01-02T09:30:28,GOOGL,380.1977,365
2026-01-02T09:30:28,SPY,704.6624,796
2026-01-02T09:30:28,QQQ,689.3718,493
2026-01-02T09:30:29,AAPL,289.1229,488
2026-01-02T09:30:29,MSFT,410.9478,341
2026-01-02T09:30:29,NVDA,190.4080,465
2026-01-02T09:30:29,TSLA,252.6740,434
2026-01-02T09:30:29,AMD,154.2996,285
2026-01-02T09:30:29,AMZN,275.9385,889
2026-01-02T09:30:29,META,609.5337,295
2026-01-02T09:30:29,GOOGL,380.4580,552
2026-01-02T09:30:29,SPY,704.8216,294
2026-01-02T09:30:29,QQQ,689.4821,277
2026-01-02T09:30:30,AAPL,288.8948,119
2026-01-02T09:30:30,MSFT,411.0172,721
2026-01-02T09:30:30,NVDA,190.8129,362
2026-01-02T09:30:30,TSLA,252.2637,437
2026-01-02T09:30:30,AMD,154.2453,239
2026-01-02T09:30:30,AMZN,275.7848,727
2026-01-02T09:30:30,META,610.5987,384
2026-01-02T09:30:30,GOOGL,380.5116,441
2026-01-02T09:30:30,SPY,706.0568,617
2026-01-02T09:30:30,QQQ,687.7337,361
2026-01-02T09:30:31,AAPL,289.1808,856
2026-01-02T09:30:31,MSFT,410.1665,488
2026-01-02T09:30:31,NVDA,190.5106,486
2026-01-02T09:30:31,TSLA,252.5655,249
2026-01-02T09:30:31,AMD,154.3203,517
2026-01-02T09:30:31,AMZN,275.8422,202
2026-01-02T09:30:31,META,610.5414,310
2026-01-02T09:30:31,GOOGL,380.2062,575
2026-01-02T09:30:31,SPY,705.7103,722
2026-01-02T09:30:31,QQQ,687.5548,301
2026-01-02T09:30:32,AAPL,289.3273,752
2026-01-02T09:30:32,MSFT,410.6761,647
2026-01-02T09:30:32,NVDA,190.4952,548
2026-01-02T09:30:32,TSLA,252.7041,618
2026-01-02T09:30:32,AMD,154.3845,198
2026-01-02T09:30:32,AMZN,275.9159,447
2026-01-02T09:30:32,META,610.0744,900
2026-01-02T09:30:32,GOOGL,379.9763,763
2026-01-02T09:30:32,SPY,705.6579,729
2026-01-02T09:30:32,QQQ,687.5362,657
2026-01-02T09:30:33,AAPL,289.2041,411
2026-01-02T09:30:33,MSFT,411.0668,282
2026-01-02T09:30:33,NVDA,190.5881,313
2026-01-02T09:30:33,TSLA,252.6973,193
2026-01-02T09:30:33,AMD,154.1702,596
2026-01-02T09:30:33,AMZN,276.5274,404
2026-01-02T09:30:33,META,609.5570,783
2026-01-02T09:30:33,GOOGL,380.2732,407
2026-01-02T09:30:33,SPY,705.7952,712
2026-01-02T09:30:33,QQQ,689.0464,769
2026-01-02T09:30:34,AAPL,289.3838,356
2026-01-02T09:30:34,MSFT,411.3773,241
2026-01-02T09:30:34,NVDA,190.8783,360
2026-01-02T09:30:34,TSLA,252.1565,121
2026-01-02T09:30:34,AMD,154.5296,113
2026-01-02T09:30:34,AMZN,276.0038,813
2026-01-02T09:30:34,META,610.0948,471
2026-01-02T09:30:34,GOOGL,380.2570,563
2026-01-02T09:30:34,SPY,704.7003,821
2026-01-02T09:30:34,QQQ,687.8043,259
2026-01-02T09:30:35,AAPL,289.5374,587
2026-01-02T09:30:35,MSFT,410.6353,163
2026-01-02T09:30:35,NVDA,190.7260,746
2026-01-02T09:30:35,TSLA,252.7156,900
2026-01-02T09:30:35,AMD,154.3377,761
2026-01-02T09:30:35,AMZN,276.2821,723
2026-01-02T09:30:35,META,610.4391,488
2026-01-02T09:30:35,GOOGL,380.2600,611
2026-01-02T09:30:35,SPY,704.9530,355
2026-01-02T09:30:35,QQQ,687.4676,717
2026-01-02T09:30:36,AAPL,288.7523,623
2026-01-02T09:30:36,MSFT,410.6187,754
2026-01-02T09:30:36,NVDA,190.7085,193
2026-01-02T09:30:36,TSLA,252.7861,345
2026-01-02T09:30:36,AMD,154.0831,247
2026-01-02T09:30:36,AMZN,276.1251,703
2026-01-02T09:30:36,META,610.6639,840
2026-01-02T09:30:36,GOOGL,380.0613,176
2026-01-02T09:30:36,SPY,705.9243,726
2026-01-02T09:30:36,QQQ,689.1500,788
2026-01-02T09:30:37,AAPL,289.0465,888
2026-01-02T09:30:37,MSFT,410.9998,147
2026-01-02T09:30:37,NVDA,190.6974,410
2026-01-02T09:30:37,TSLA,252.4284,136
2026-01-02T09:30:37,AMD,154.4239,749
2026-01-02T09:30:37,AMZN,276.5562,566
2026-01-02T09:30:37,META,609.8249,291
2026-01-02T09:30:37,GOOGL,379.5791,430
2026-01-02T09:30:37,SPY,704.0016,142
2026-01-02T09:30:37,QQQ,689.4527,576
2026-01-02T09:30:38,AAPL,289.0491,720
2026-01-02T09:30:38,MSFT,411.3316,517
2026-01-02T09:30:38,NVDA,190.8981,578
2026-01-02T09:30:38,TSLA,252.7390,851
2026-01-02T09:30:38,AMD,154.0947,493
2026-01-02T09:30:38,AMZN,276.4441,617
2026-01-02T09:30:38,META,610.7955,282
2026-01-02T09:30:38,GOOGL,379.5701,529
2026-01-02T09:30:38,SPY,704.5805,857
2026-01-02T09:30:38,QQQ,687.5467,146
2026-01-02T09:30:39,AAPL,289.3111,460
2026-01-02T09:30:39,MSFT,410.2782,170
2026-01-02T09:30:39,NVDA,190.6353,299
2026-01-02T09:30:39,TSLA,252.6679,572
2026-01-02T09:30:39,AMD,154.4055,890
2026-01-02T09:30:39,AMZN,276.3233,343
2026-01-02T09:30:39,META,610.1879,410
2026-01-02T09:30:39,GOOGL,380.2444,472
2026-01-02T09:30:39,SPY,704.1715,790
2026-01-02T09:30:39,QQQ,689.1856,81
2026-01-02T09:30:40,AAPL,289.4995,412
2026-01-02T09:30:40,MSFT,410.8033,288
2026-01-02T09:30:40,NVDA,190.5106,407
2026-01-02T09:30:40,TSLA,252.6386,451
2026-01-02T09:30:40,AMD,154.3109,270
2026-01-02T09:30:40,AMZN,276.4265,900
2026-01-02T09:30:40,META,610.8610,667
2026-01-02T09:30:40,GOOGL,380.3464,671
2026-01-02T09:30:40,SPY,705.8877,332
2026-01-02T09:30:40,QQQ,689.0247,465
2026-01-02T09:30:41,AAPL,289.0355,624
2026-01-02T09:30:41,MSFT,410.5247,292
2026-01-02T09:30:41,NVDA,190.6409,195
2026-01-02T09:30:41,TSLA,252.1275,316
2026-01-02T09:30:41,AMD,154.2954,596
2026-01-02T09:30:41,AMZN,275.8855,706
2026-01-02T09:30:41,META,610.5075,199
2026-01-02T09:30:41,GOOGL,379.8958,736
2026-01-02T09:30:41,SPY,704.3041,545
2026-01-02T09:30:41,QQQ,688.6242,542
2026-01-02T09:30:42,AAPL,289.2478,158
2026-01-02T09:30:42,MSFT,411.4627,111
2026-01-02T09:30:42,NVDA,190.6088,624
2026-01-02T09:30:42,TSLA,252.1622,715
2026-01-02T09:30:42,AMD,154.1609,551
2026-01-02T09:30:42,AMZN,276.6858,150
2026-01-02T09:30:42,META,610.2764,836
2026-01-02T09:30:42,GOOGL,379.9087,453
2026-01-02T09:30:42,SPY,705.6852,124
2026-01-02T09:30:42,QQQ,688.6859,423
2026-01-02T09:30:43,AAPL,289.3949,477
2026-01-02T09:30:43,MSFT,411.0487,701
2026-01-02T09:30:43,NVDA,190.7173,864
2026-01-02T09:30:43,TSLA,252.2203,409
2026-01-02T09:30:43,AMD,154.4294,390
2026-01-02T09:30:43,AMZN,275.9393,215
2026-01-02T09:30:43,META,609.4959,479
2026-01-02T09:30:43,GOOGL,379.9924,422
2026-01-02T09:30:43,SPY,704.0173,777
2026-01-02T09:30:43,QQQ,688.7804,497
2026-01-02T09:30:44,AAPL,289.2186,80
2026-01-02T09:30:44,MSFT,411.4849,783
2026-01-02T09:30:44,NVDA,190.8331,132
2026-01-02T09:30:44,TSLA,252.3288,137
2026-01-02T09:30:44,AMD,154.3423,484
2026-01-02T09:30:44,AMZN,276.3580,865
2026-01-02T09:30:44,META,610.5410,278
2026-01-02T09:30:44,GOOGL,379.6087,761
2026-01-02T09:30:44,SPY,704.7083,120
2026-01-02T09:30:44,QQQ,688.7940,680
2026-01-02T09:30:45,AAPL,289.4724,893
2026-01-02T09:30:45,MSFT,410.4268,240
2026-01-02T09:30:45,NVDA,190.6715,108
2026-01-02T09:30:45,TSLA,252.6417,453
2026-01-02T09:30:45,AMD,154.2598,808
2026-01-02T09:30:45,AMZN,276.0854,615
2026-01-02T09:30:45,META,609.8229,201
2026-01-02T09:30:45,GOOGL,379.8952,137
2026-01-02T09:30:45,SPY,704.4742,727
2026-01-02T09:30:45,QQQ,688.7594,669
2026-01-02T09:30:46,AAPL,288.9877,595
2026-01-02T09:30:46,MSFT,410.7098,869
2026-01-02T09:30:46,NVDA,190.5019,892
2026-01-02T09:30:46,TSLA,252.5621,846
2026-01-02T09:30:46,AMD,154.4241,850
2026-01-02T09:30:46,AMZN,276.3373,522
2026-01-02T09:30:46,META,609.5514,411
2026-01-02T09:30:46,GOOGL,379.3688,896
2026-01-02T09:30:46,SPY,705.4909,832
2026-01-02T09:30:46,QQQ,687.1967,819
2026-01-02T09:30:47,AAPL,289.2506,778
2026-01-02T09:30:47,MSFT,410.4483,166
2026-01-02T09:30:47,NVDA,191.0038,497
2026-01-02T09:30:47,TSLA,252.4201,844
2026-01-02T09:30:47,AMD,154.3065,828
2026-01-02T09:30:47,AMZN,276.2594,898
2026-01-02T09:30:47,META,610.6573,793
2026-01-02T09:30:47,GOOGL,379.5857,510
2026-01-02T09:30:47,SPY,704.1527,330
2026-01-02T09:30:47,QQQ,687.2793,627
2026-01-02T09:30:48,AAPL,288.9602,424
2026-01-02T09:30:48,MSFT,410.8823,716
2026-01-02T09:30:48,NVDA,190.7888,871
2026-01-02T09:30:48,TSLA,252.8205,483
2026-01-02T09:30:48,AMD,154.2030,551
2026-01-02T09:30:48,AMZN,276.7154,791
2026-01-02T09:30:48,META,610.9854,356
2026-01-02T09:30:48,GOOGL,379.8849,267
2026-01-02T09:30:48,SPY,703.9285,460
2026-01-02T09:30:48,QQQ,688.2942,667
2026-01-02T09:30:49,AAPL,289.2420,366
2026-01-02T09:30:49,MSFT,410.6085,788
2026-01-02T09:30:49,NVDA,190.7888,855
2026-01-02T09:30:49,TSLA,252.8468,690
2026-01-02T09:30:49,AMD,154.2468,295
2026-01-02T09:30:49,AMZN,276.6383,753
2026-01-02T09:30:49,META,610.6813,301
2026-01-02T09:30:49,GOOGL,380.0520,553
2026-01-02T09:30:49,SPY,705.0672,580
2026-01-02T09:30:49,QQQ,688.9817,700
2026-01-02T09:30:50,AAPL,289.2898,604
2026-01-02T09:30:50,MSFT,411.3039,877
2026-01-02T09:30:50,NVDA,190.5139,313
2026-01-02T09:30:50,TSLA,252.6540,680
2026-01-02T09:30:50,AMD,154.0166,357
2026-01-02T09:30:50,AMZN,276.3994,487
2026-01-02T09:30:50,META,611.0564,234
2026-01-02T09:30:50,GOOGL,379.8105,283
2026-01-02T09:30:50,SPY,705.5776,785
2026-01-02T09:30:50,QQQ,688.7860,239
2026-01-02T09:30:51,AAPL,289.2235,521
2026-01-02T09:30:51,MSFT,411.5239,530
2026-01-02T09:30:51,NVDA,191.0533,194
2026-01-02T09:30:51,TSLA,252.5958,747
2026-01-02T09:30:51,AMD,154.1921,464
2026-01-02T09:30:51,AMZN,276.7944,876
2026-01-02T09:30:51,META,610.1978,856
2026-01-02T09:30:51,GOOGL,379.4473,713
2026-01-02T09:30:51,SPY,703.7757,157
2026-01-02T09:30:51,QQQ,688.9838,230
2026-01-02T09:30:52,AAPL,289.4491,241
2026-01-02T09:30:52,MSFT,411.3899,446
2026-01-02T09:30:52,NVDA,190.8597,218
2026-01-02T09:30:52,TSLA,252.4781,453
2026-01-02T09:30:52,AMD,154.0413,862
2026-01-02T09:30:52,AMZN,276.6942,435
2026-01-02T09:30:52,META,610.7527,881
2026-01-02T09:30:52,GOOGL,380.2572,234
2026-01-02T09:30:52,SPY,705.4113,480
2026-01-02T09:30:52,QQQ,687.9633,169
2026-01-02T09:30:53,AAPL,289.1687,181
2026-01-02T09:30:53,MSFT,411.0755,629
2026-01-02T09:30:53,NVDA,190.5417,683
2026-01-02T09:30:53,TSLA,252.4586,92
2026-01-02T09:30:53,AMD,154.3513,421
2026-01-02T09:30:53,AMZN,276.5111,680
2026-01-02T09:30:53,META,609.6335,720
2026-01-02T09:30:53,GOOGL,379.5752,728
2026-01-02T09:30:53,SPY,705.6262,421
2026-01-02T09:30:53,QQQ,688.1307,247
2026-01-02T09:30:54,AAPL,288.9181,668
2026-01-02T09:30:54,MSFT,411.1676,881
2026-01-02T09:30:54,NVDA,190.9087,383
2026-01-02T09:30:54,TSLA,252.8491,383
2026-01-02T09:30:54,AMD,154.4421,462
2026-01-02T09:30:54,AMZN,276.3593,471
2026-01-02T09:30:54,META,611.0218,737
2026-01-02T09:30:54,GOOGL,380.2067,631
2026-01-02T09:30:54,SPY,704.6926,576
2026-01-02T09:30:54,QQQ,687.6706,370
2026-01-02T09:30:55,AAPL,289.6731,173
2026-01-02T09:30:55,MSFT,411.1787,527
2026-01-02T09:30:55,NVDA,190.8533,574
2026-01-02T09:30:55,TSLA,252.3058,505
2026-01-02T09:30:55,AMD,154.3334,389
2026-01-02T09:30:55,AMZN,276.5238,882
2026-01-02T09:30:55,META,609.7498,505
2026-01-02T09:30:55,GOOGL,379.3083,687
2026-01-02T09:30:55,SPY,705.5685,167
2026-01-02T09:30:55,QQQ,688.5005,864
2026-01-02T09:30:56,AAPL,289.2271,586
2026-01-02T09:30:56,MSFT,411.6156,831
2026-01-02T09:30:56,NVDA,190.6117,618
2026-01-02T09:30:56,TSLA,252.3487,890
2026-01-02T09:30:56,AMD,154.1511,773
2026-01-02T09:30:56,AMZN,276.8048,733
2026-01-02T09:30:56,META,611.1284,155
2026-01-02T09:30:56,GOOGL,379.4100,150
2026-01-02T09:30:56,SPY,705.3338,316
2026-01-02T09:30:56,QQQ,688.3573,651
2026-01-02T09:30:57,AAPL,289.6697,791
2026-01-02T09:30:57,MSFT,411.6592,137
2026-01-02T09:30:57,NVDA,190.6066,408
2026-01-02T09:30:57,TSLA,252.2832,427
2026-01-02T09:30:57,AMD,154.3367,337
2026-01-02T09:30:57,AMZN,276.5431,647
2026-01-02T09:30:57,META,610.4907,293
2026-01-02T09:30:57,GOOGL,379.9379,321
2026-01-02T09:30:57,SPY,705.1737,506
2026-01-02T09:30:57,QQQ,687.7328,621
2026-01-02T09:30:58,AAPL,289.3188,449
2026-01-02T09:30:58,MSFT,410.5078,516
2026-01-02T09:30:58,NVDA,191.0933,793
2026-01-02T09:30:58,TSLA,252.3516,240
2026-01-02T09:30:58,AMD,154.2451,595
2026-01-02T09:30:58,AMZN,276.0738,178
2026-01-02T09:30:58,META,610.5559,518
2026-01-02T09:30:58,GOOGL,379.4367,326
2026-01-02T09:30:58,SPY,703.7802,324
2026-01-02T09:30:58,QQQ,688.5414,488
2026-01-02T09:30:59,AAPL,289.1622,598
2026-01-02T09:30:59,MSFT,411.0361,157
2026-01-02T09:30:59,NVDA,190.8686,212
2026-01-02T09:30:59,TSLA,252.4310,615
2026-01-02T09:30:59,AMD,154.0720,308
2026-01-02T09:30:59,AMZN,276.1385,757
2026-01-02T09:30:59,META,610.4772,271
2026-01-02T09:30:59,GOOGL,380.0120,811
2026-01-02T09:30:59,SPY,704.3923,770
2026-01-02T09:30:59,QQQ,687.8578,741
2026-01-02T09:30:00,AAPL,289.0489,768
2026-01-02T09:30:00,MSFT,411.6229,142
2026-01-02T09:30:00,NVDA,190.8227,427
2026-01-02T09:30:00,TSLA,252.8618,159
2026-01-02T09:30:00,AMD,154.1006,404
2026-01-02T09:30:00,AMZN,276.0983,477
2026-01-02T09:30:00,META,610.1106,455
2026-01-02T09:30:00,GOOGL,380.0990,129
2026-01-02T09:30:00,SPY,703.4901,184
2026-01-02T09:30:00,QQQ,687.5098,395
2026-01-02T09:30:01,AAPL,289.6434,727
2026-01-02T09:30:01,MSFT,411.3767,647
2026-01-02T09:30:01,NVDA,190.6732,526
2026-01-02T09:30:01,TSLA,252.4949,477
2026-01-02T09:30:01,AMD,154.0279,278
2026-01-02T09:30:01,AMZN,276.6612,117
2026-01-02T09:30:01,META,611.5090,468
2026-01-02T09:30:01,GOOGL,380.1181,256
2026-01-02T09:30:01,SPY,705.2934,96
2026-01-02T09:30:01,QQQ,687.8121,530
2026-01-02T09:30:02,AAPL,289.3575,564
2026-01-02T09:30:02,MSFT,410.7369,866
2026-01-02T09:30:02,NVDA,191.0961,646
2026-01-02T09:30:02,TSLA,252.8625,517
2026-01-02T09:30:02,AMD,154.1268,202
2026-01-02T09:30:02,AMZN,276.6740,465
2026-01-02T09:30:02,META,609.9630,305
2026-01-02T09:30:02,GOOGL,379.1665,866
2026-01-02T09:30:02,SPY,704.8233,436
2026-01-02T09:30:02,QQQ,688.2610,164
2026-01-02T09:30:03,AAPL,289.4972,581
2026-01-02T09:30:03,MSFT,411.6607,182
2026-01-02T09:30:03,NVDA,190.7944,279
2026-01-02T09:30:03,TSLA,252.8276,549
2026-01-02T09:30:03,AMD,154.3678,710
2026-01-02T09:30:03,AMZN,276.6542,377
2026-01-02T09:30:03,META,610.4034,583
2026-01-02T09:30:03,GOOGL,379.5424,296
2026-01-02T09:30:03,SPY,704.1749,641
2026-01-02T09:30:03,QQQ,688.4257,269
2026-01-02T09:30:04,AAPL,289.3142,611
2026-01-02T09:30:04,MSFT,411.8188,285
2026-01-02T09:30:04,NVDA,191.1217,328
2026-01-02T09:30:04,TSLA,252.8882,442
2026-01-02T09:30:04,AMD,154.0487,891
2026-01-02T09:30:04,AMZN,276.7420,632
2026-01-02T09:30:04,META,609.9409,695
2026-01-02T09:30:04,GOOGL,379.3757,694
2026-01-02T09:30:04,SPY,704.4348,637
2026-01-02T09:30:04,QQQ,688.1530,481
2026-01-02T09:30:05,AAPL,289.2761,855
2026-01-02T09:30:05,MSFT,410.6594,512
2026-01-02T09:30:05,NVDA,190.8547,155
2026-01-02T09:30:05,TSLA,252.6169,257
2026-01-02T09:30:05,AMD,154.1182,694
2026-01-02T09:30:05,AMZN,276.5799,744
2026-01-02T09:30:05,META,610.4013,363
2026-01-02T09:30:05,GOOGL,379.2619,701
2026-01-02T09:30:05,SPY,705.0879,813
2026-01-02T09:30:05,QQQ,688.6062,642
2026-01-02T09:30:06,AAPL,289.2459,454
2026-01-02T09:30:06,MSFT,411.4375,344
2026-01-02T09:30:06,NVDA,190.8065,854
2026-01-02T09:30:06,TSLA,252.8966,546
2026-01-02T09:30:06,AMD,154.1518,350
2026-01-02T09:30:06,AMZN,276.2048,713
2026-01-02T09:30:06,META,611.5533,829
2026-01-02T09:30:06,GOOGL,379.2879,605
2026-01-02T09:30:06,SPY,703.3639,528
2026-01-02T09:30:06,QQQ,688.7478,857
2026-01-02T09:30:07,AAPL,289.6081,317
2026-01-02T09:30:07,MSFT,411.6927,285
2026-01-02T09:30:07,NVDA,191.1358,202
2026-01-02T09:30:07,TSLA,252.6275,548
2026-01-02T09:30:07,AMD,154.2297,729
2026-01-02T09:30:07,AMZN,276.5819,537
2026-01-02T09:30:07,META,610.8690,425
2026-01-02T09:30:07,GOOGL,380.0999,320
2026-01-02T09:30:07,SPY,703.5230,637
2026-01-02T09:30:07,QQQ,688.6734,849
2026-01-02T09:30:08,AAPL,289.4583,99
2026-01-02T09:30:08,MSFT,411.3087,422
2026-01-02T09:30:08,NVDA,191.0293,191
2026-01-02T09:30:08,TSLA,252.6146,333
2026-01-02T09:30:08,AMD,153.9887,142
2026-01-02T09:30:08,AMZN,276.6838,272
2026-01-02T09:30:08,META,610.8326,618
2026-01-02T09:30:08,GOOGL,379.1443,106
2026-01-02T09:30:08,SPY,705.1864,694
2026-01-02T09:30:08,QQQ,687.7047,746
2026-01-02T09:30:09,AAPL,289.1811,333
2026-01-02T09:30:09,MSFT,410.7281,205
2026-01-02T09:30:09,NVDA,190.7988,748
2026-01-02T09:30:09,TSLA,252.8968,283
2026-01-02T09:30:09,AMD,154.0026,454
2026-01-02T09:30:09,AMZN,276.1711,855
2026-01-02T09:30:09,META,610.5260,587
2026-01-02T09:30:09,GOOGL,379.4893,613
2026-01-02T09:30:09,SPY,705.2377,494
2026-01-02T09:30:09,QQQ,687.6752,379
2026-01-02T09:30:10,AAPL,289.8340,856
2026-01-02T09:30:10,MSFT,410.8045,709
2026-01-02T09:30:10,NVDA,191.0734,691
2026-01-02T09:30:10,TSLA,252.7557,108
2026-01-02T09:30:10,AMD,154.1802,537
2026-01-02T09:30:10,AMZN,276.4904,262
2026-01-02T09:30:10,META,611.6549,799
2026-01-02T09:30:10,GOOGL,379.9778,370
2026-01-02T09:30:10,SPY,704.5321,84
2026-01-02T09:30:10,QQQ,688.1208,647
2026-01-02T09:30:11,AAPL,289.2345,271
2026-01-02T09:30:11,MSFT,411.6429,771
2026-01-02T09:30:11,NVDA,190.7290,869
2026-01-02T09:30:11,TSLA,252.7207,192
2026-01-02T09:30:11,AMD,154.0596,748
2026-01-02T09:30:11,AMZN,276.8143,719
2026-01-02T09:30:11,META,610.9038,757
2026-01-02T09:30:11,GOOGL,379.8143,842
2026-01-02T09:30:11,SPY,704.8441,847
2026-01-02T09:30:11,QQQ,686.8428,806
2026-01-02T09:30:12,AAPL,289.9049,410
2026-01-02T09:30:12,MSFT,411.0217,526
2026-01-02T09:30:12,NVDA,191.0505,247
2026-01-02T09:30:12,TSLA,253.0567,247
2026-01-02T09:30:12,AMD,154.1178,761
2026-01-02T09:30:12,AMZN,276.9938,327
2026-01-02T09:30:12,META,611.6874,510
2026-01-02T09:30:12,GOOGL,379.8202,470
2026-01-02T09:30:12,SPY,704.9605,891
2026-01-02T09:30:12,QQQ,688.3978,700
2026-01-02T09:30:13,AAPL,289.1737,155
2026-01-02T09:30:13,MSFT,411.7023,408
2026-01-02T09:30:13,NVDA,190.9069,181
2026-01-02T09:30:13,TSLA,252.4043,240
2026-01-02T09:30:13,AMD,154.0971,545
2026-01-02T09:30:13,AMZN,276.9484,670
2026-01-02T09:30:13,META,611.1540,549
2026-01-02T09:30:13,GOOGL,379.8192,682
2026-01-02T09:30:13,SPY,703.1178,810
2026-01-02T09:30:13,QQQ,687.5316,367
2026-01-02T09:30:14,AAPL,289.7117,486
2026-01-02T09:30:14,MSFT,410.9269,318
2026-01-02T09:30:14,NVDA,190.9410,158
2026-01-02T09:30:14,TSLA,253.0961,219
2026-01-02T09:30:14,AMD,154.0903,287
2026-01-02T09:30:14,AMZN,276.5288,489
2026-01-02T09:30:14,META,610.6924,455
2026-01-02T09:30:14,GOOGL,379.7968,189
2026-01-02T09:30:14,SPY,704.9716,192
2026-01-02T09:30:14,QQQ,688.4733,309
2026-01-02T09:30:15,AAPL,289.8190,158
2026-01-02T09:30:15,MSFT,411.2498,437
2026-01-02T09:30:15,NVDA,190.7548,504
2026-01-02T09:30:15,TSLA,253.1480,613
2026-01-02T09:30:15,AMD,153.9858,399
2026-01-02T09:30:15,AMZN,276.2536,169
2026-01-02T09:30:15,META,610.5355,670
2026-01-02T09:30:15,GOOGL,378.9970,324
2026-01-02T09:30:15,SPY,704.2284,607
2026-01-02T09:30:15,QQQ,687.0389,315
2026-01-02T09:30:16,AAPL,289.1089,424
2026-01-02T09:30:16,MSFT,410.7702,629
2026-01-02T09:30:16,NVDA,190.9097,131
2026-01-02T09:30:16,TSLA,253.0681,282
2026-01-02T09:30:16,AMD,154.1372,511
2026-01-02T09:30:16,AMZN,276.3102,183
2026-01-02T09:30:16,META,611.5204,727
2026-01-02T09:30:16,GOOGL,379.8929,332
2026-01-02T09:30:16,SPY,704.0630,430
2026-01-02T09:30:16,QQQ,686.4722,181
2026-01-02T09:30:17,AAPL,289.5481,404
2026-01-02T09:30:17,MSFT,411.4299,343
2026-01-02T09:30:17,NVDA,190.8647,893
2026-01-02T09:30:17,TSLA,252.6857,415
2026-01-02T09:30:17,AMD,154.0951,148
2026-01-02T09:30:17,AMZN,276.2655,717
2026-01-02T09:30:17,META,610.4145,379
2026-01-02T09:30:17,GOOGL,379.4501,294
2026-01-02T09:30:17,SPY,704.5168,877
2026-01-02T09:30:17,QQQ,687.1874,478
2026-01-02T09:30:18,AAPL,289.5843,343
2026-01-02T09:30:18,MSFT,411.2850,297
2026-01-02T09:30:18,NVDA,190.6902,484
2026-01-02T09:30:18,TSLA,252.7334,838
2026-01-02T09:30:18,AMD,154.2304,237
2026-01-02T09:30:18,AMZN,276.6703,167
2026-01-02T09:30:18,META,610.5279,195
2026-01-02T09:30:18,GOOGL,379.3094,212
2026-01-02T09:30:18,SPY,705.0426,888
2026-01-02T09:30:18,QQQ,686.5058,631
2026-01-02T09:30:19,AAPL,289.8356,892
2026-01-02T09:30:19,MSFT,411.5515,145
2026-01-02T09:30:19,NVDA,191.2392,531
2026-01-02T09:30:19,TSLA,252.8022,96
2026-01-02T09:30:19,AMD,154.0105,898
2026-01-02T09:30:19,AMZN,276.2523,157
2026-01-02T09:30:19,META,611.8564,360
2026-01-02T09:30:19,GOOGL,379.9771,312
2026-01-02T09:30:19,SPY,703.3273,629
2026-01-02T09:30:19,QQQ,687.4315,759
2026-01-02T09:30:20,AAPL,289.7929,668
2026-01-02T09:30:20,MSFT,411.6733,355
2026-01-02T09:30:20,NVDA,191.0457,215
2026-01-02T09:30:20,TSLA,252.8999,476
2026-01-02T09:30:20,AMD,154.0125,260
2026-01-02T09:30:20,AMZN,276.8528,203
2026-01-02T09:30:20,META,610.8552,424
2026-01-02T09:30:20,GOOGL,379.4018,121
2026-01-02T09:30:20,SPY,704.6665,548
2026-01-02T09:30:20,QQQ,687.5264,765
2026-01-02T09:30:21,AAPL,289.4277,171
2026-01-02T09:30:21,MSFT,411.1315,264
2026-01-02T09:30:21,NVDA,191.1923,486
2026-01-02T09:30:21,TSLA,252.7475,725
2026-01-02T09:30:21,AMD,153.8388,406
2026-01-02T09:30:21,AMZN,276.8585,360
2026-01-02T09:30:21,META,611.4765,817
2026-01-02T09:30:21,GOOGL,379.3385,829
2026-01-02T09:30:21,SPY,703.0909,884
2026-01-02T09:30:21,QQQ,686.8700,830
2026-01-02T09:30:22,AAPL,289.2749,621
2026-01-02T09:30:22,MSFT,411.1108,161
2026-01-02T09:30:22,NVDA,190.8701,248
2026-01-02T09:30:22,TSLA,252.5232,764
2026-01-02T09:30:22,AMD,154.1806,540
2026-01-02T09:30:22,AMZN,276.8798,881
2026-01-02T09:30:22,META,610.7802,706
2026-01-02T09:30:22,GOOGL,379.2614,306
2026-01-02T09:30:22,SPY,704.0418,616
2026-01-02T09:30:22,QQQ,686.4549,180
2026-01-02T09:30:23,AAPL,289.1863,893
2026-01-02T09:30:23,MSFT,411.7336,216
2026-01-02T09:30:23,NVDA,191.1413,674
2026-01-02T09:30:23,TSLA,252.9499,448
2026-01-02T09:30:23,AMD,153.8928,499
2026-01-02T09:30:23,AMZN,276.5707,256
2026-01-02T09:30:23,META,610.4190,90
2026-01-02T09:30:23,GOOGL,379.6394,425
2026-01-02T09:30:23,SPY,704.3448,839
2026-01-02T09:30:23,QQQ,687.6962,197
2026-01-02T09:30:24,AAPL,289.5132,874
2026-01-02T09:30:24,MSFT,411.6130,532
2026-01-02T09:30:24,NVDA,191.2665,199
2026-01-02T09:30:24,TSLA,252.7427,780
2026-01-02T09:30:24,AMD,154.1247,640
2026-01-02T09:30:24,AMZN,276.5998,407
2026-01-02T09:30:24,META,611.0031,168
2026-01-02T09:30:24,GOOGL,379.5320,284
2026-01-02T09:30:24,SPY,704.8915,183
2026-01-02T09:30:24,QQQ,687.8227,720
2026-01-02T09:30:25,AAPL,289.2419,117
2026-01-02T09:30:25,MSFT,412.0463,580
2026-01-02T09:30:25,NVDA,190.8078,522
2026-01-02T09:30:25,TSLA,252.7581,212
2026-01-02T09:30:25,AMD,154.0474,703
2026-01-02T09:30:25,AMZN,277.0517,801
2026-01-02T09:30:25,META,611.1976,90
2026-01-02T09:30:25,GOOGL,378.8573,834
2026-01-02T09:30:25,SPY,703.7622,217
2026-01-02T09:30:25,QQQ,686.3386,786
2026-01-02T09:30:26,AAPL,289.6639,198
2026-01-02T09:30:26,MSFT,411.0697,441
2026-01-02T09:30:26,NVDA,191.1508,359
2026-01-02T09:30:26,TSLA,253.0291,359
2026-01-02T09:30:26,AMD,154.2600,656
2026-01-02T09:30:26,AMZN,276.3513,698
2026-01-02T09:30:26,META,610.9127,803
2026-01-02T09:30:26,GOOGL,379.0390,727
2026-01-02T09:30:26,SPY,703.3319,427
2026-01-02T09:30:26,QQQ,686.8412,875
2026-01-02T09:30:27,AAPL,289.4528,859
2026-01-02T09:30:27,MSFT,411.0444,458
2026-01-02T09:30:27,NVDA,190.7873,416
2026-01-02T09:30:27,TSLA,252.7446,761
2026-01-02T09:30:27,AMD,154.0636,323
2026-01-02T09:30:27,AMZN,277.0367,483
2026-01-02T09:30:27,META,610.5559,556
2026-01-02T09:30:27,GOOGL,379.6023,352
2026-01-02T09:30:27,SPY,703.4733,343
2026-01-02T09:30:27,QQQ,688.2529,150
2026-01-02T09:30:28,AAPL,289.7952,518
2026-01-02T09:30:28,MSFT,411.9758,201
2026-01-02T09:30:28,NVDA,191.2924,463
2026-01-02T09:30:28,TSLA,252.8270,328
2026-01-02T09:30:28,AMD,154.1245,101
2026-01-02T09:30:28,AMZN,277.1005,810
2026-01-02T09:30:28,META,611.3873,687
2026-01-02T09:30:28,GOOGL,379.6233,531
2026-01-02T09:30:28,SPY,704.1586,870
2026-01-02T09:30:28,QQQ,687.4888,290
2026-01-02T09:30:29,AAPL,289.5747,556
2026-01-02T09:30:29,MSFT,411.4208,780
2026-01-02T09:30:29,NVDA,191.1515,768
2026-01-02T09:30:29,TSLA,252.7888,471
2026-01-02T09:30:29,AMD,154.1236,557
2026-01-02T09:30:29,AMZN,277.0151,563
2026-01-02T09:30:29,META,610.6086,562
2026-01-02T09:30:29,GOOGL,379.1037,242
2026-01-02T09:30:29,SPY,703.5287,672
2026-01-02T09:30:29,QQQ,686.6669,90
2026-01-02T09:30:30,AAPL,289.9954,121
2026-01-02T09:30:30,MSFT,411.4794,236
2026-01-02T09:30:30,NVDA,191.2257,91
2026-01-02T09:30:30,TSLA,252.6915,80
2026-01-02T09:30:30,AMD,154.1099,386
2026-01-02T09:30:30,AMZN,276.9169,274
2026-01-02T09:30:30,META,611.2004,284
2026-01-02T09:30:30,GOOGL,379.6625,750
2026-01-02T09:30:30,SPY,703.8771,141
2026-01-02T09:30:30,QQQ,686.5613,338
2026-01-02T09:30:31,AAPL,289.6047,482
2026-01-02T09:30:31,MSFT,411.1430,566
2026-01-02T09:30:31,NVDA,191.0235,122
2026-01-02T09:30:31,TSLA,253.0626,780
2026-01-02T09:30:31,AMD,153.8619,100
2026-01-02T09:30:31,AMZN,277.0453,278
2026-01-02T09:30:31,META,610.4894,625
2026-01-02T09:30:31,GOOGL,378.8559,853
2026-01-02T09:30:31,SPY,703.6550,95
2026-01-02T09:30:31,QQQ,686.9141,478
2026-01-02T09:30:32,AAPL,289.9118,187
2026-01-02T09:30:32,MSFT,411.0746,296
2026-01-02T09:30:32,NVDA,190.8962,801
2026-01-02T09:30:32,TSLA,253.1906,657
2026-01-02T09:30:32,AMD,153.8223,88
2026-01-02T09:30:32,AMZN,276.9775,644
2026-01-02T09:30:32,META,612.2565,693
2026-01-02T09:30:32,GOOGL,379.6721,765
2026-01-02T09:30:32,SPY,703.7880,351
2026-01-02T09:30:32,QQQ,686.3396,268
2026-01-02T09:30:33,AAPL,289.9310,186
2026-01-02T09:30:33,MSFT,412.2305,414
2026-01-02T09:30:33,NVDA,190.8031,886
2026-01-02T09:30:33,TSLA,253.1969,848
2026-01-02T09:30:33,AMD,153.8864,137
2026-01-02T09:30:33,AMZN,277.0684,852
2026-01-02T09:30:33,META,611.3120,335
2026-01-02T09:30:33,GOOGL,379.4175,292
2026-01-02T09:30:33,SPY,704.1635,861
2026-01-02T09:30:33,QQQ,686.5543,385
2026-01-02T09:30:34,AAPL,289.5003,383
2026-01-02T09:30:34,MSFT,411.7784,350
2026-01-02T09:30:34,NVDA,191.2020,619
2026-01-02T09:30:34,TSLA,253.0664,81
2026-01-02T09:30:34,AMD,153.8821,323
2026-01-02T09:30:34,AMZN,276.4520,121
2026-01-02T09:30:34,META,611.9518,897
2026-01-02T09:30:34,GOOGL,379.5303,399
2026-01-02T09:30:34,SPY,703.3890,173
2026-01-02T09:30:34,QQQ,686.0513,427
2026-01-02T09:30:35,AAPL,289.5581,811
2026-01-02T09:30:35,MSFT,411.5961,484
2026-01-02T09:30:35,NVDA,191.2204,242
2026-01-02T09:30:35,TSLA,252.9646,864
2026-01-02T09:30:35,AMD,153.8580,422
2026-01-02T09:30:35,AMZN,276.5489,248
2026-01-02T09:30:35,META,610.6181,257
2026-01-02T09:30:35,GOOGL,379.2094,625
2026-01-02T09:30:35,SPY,704.6147,239
2026-01-02T09:30:35,QQQ,686.7771,447
2026-01-02T09:30:36,AAPL,289.3408,82
2026-01-02T09:30:36,MSFT,411.8521,297
2026-01-02T09:30:36,NVDA,191.0602,216
2026-01-02T09:30:36,TSLA,252.9700,380
2026-01-02T09:30:36,AMD,154.1044,691
2026-01-02T09:30:36,AMZN,276.9628,95
2026-01-02T09:30:36,META,612.0940,774
2026-01-02T09:30:36,GOOGL,379.4810,138
2026-01-02T09:30:36,SPY,702.9581,769
2026-01-02T09:30:36,QQQ,686.0148,85
2026-01-02T09:30:37,AAPL,289.4160,197
2026-01-02T09:30:37,MSFT,411.3738,325
2026-01-02T09:30:37,NVDA,191.3491,858
2026-01-02T09:30:37,TSLA,252.8361,366
2026-01-02T09:30:37,AMD,154.1066,784
2026-01-02T09:30:37,AMZN,276.6895,370
2026-01-02T09:30:37,META,610.7472,818
2026-01-02T09:30:37,GOOGL,379.2310,203
2026-01-02T09:30:37,SPY,702.5794,781
2026-01-02T09:30:37,QQQ,687.4330,281
2026-01-02T09:30:38,AAPL,289.8900,850
2026-01-02T09:30:38,MSFT,411.8212,539
2026-01-02T09:30:38,NVDA,190.9950,393
2026-01-02T09:30:38,TSLA,252.9811,664
2026-01-02T09:30:38,AMD,153.8279,830
2026-01-02T09:30:38,AMZN,276.7563,210
2026-01-02T09:30:38,META,611.4724,875
2026-01-02T09:30:38,GOOGL,379.4721,684
2026-01-02T09:30:38,SPY,703.8153,659
2026-01-02T09:30:38,QQQ,687.5376,399
2026-01-02T09:30:39,AAPL,290.1543,407
2026-01-02T09:30:39,MSFT,411.1223,480
2026-01-02T09:30:39,NVDA,191.3810,81
2026-01-02T09:30:39,TSLA,253.3491,679
2026-01-02T09:30:39,AMD,153.8445,761
2026-01-02T09:30:39,AMZN,277.2346,561
2026-01-02T09:30:39,META,611.8352,793
2026-01-02T09:30:39,GOOGL,379.2202,391
2026-01-02T09:30:39,SPY,703.4905,806
2026-01-02T09:30:39,QQQ,686.1097,384
2026-01-02T09:31:40,AAPL,289.4717,248
2026-01-02T09:31:40,MSFT,411.3970,390
2026-01-02T09:31:40,NVDA,191.0038,629
2026-01-02T09:31:40,TSLA,253.3429,636
2026-01-02T09:31:40,AMD,153.9768,93
2026-01-02T09:31:40,AMZN,276.9807,829
2026-01-02T09:31:40,META,611.5633,300
2026-01-02T09:31:40,GOOGL,379.3752,587
2026-01-02T09:31:40,SPY,704.1037,387
2026-01-02T09:31:40,QQQ,686.4215,115
2026-01-02T09:31:41,AAPL,290.0532,186
2026-01-02T09:31:41,MSFT,412.1693,605
2026-01-02T09:31:41,NVDA,191.3467,797
2026-01-02T09:31:41,TSLA,252.7634,729
2026-01-02T09:31:41,AMD,154.0355,122
2026-01-02T09:31:41,AMZN,276.6037,275
2026-01-02T09:31:41,META,612.2688,520
2026-01-02T09:31:41,GOOGL,379.2879,100
2026-01-02T09:31:41,SPY,702.7768,442
2026-01-02T09:31:41,QQQ,686.4429,751
2026-01-02T09:31:42,AAPL,289.8455,166
2026-01-02T09:31:42,MSFT,412.1167,314
2026-01-02T09:31:42,NVDA,191.0359,840
2026-01-02T09:31:42,TSLA,253.3477,207
2026-01-02T09:31:42,AMD,153.8318,495
2026-01-02T09:31:42,AMZN,277.1465,523
2026-01-02T09:31:42,META,611.4261,392
2026-01-02T09:31:42,GOOGL,379.2674,284
2026-01-02T09:31:42,SPY,703.4515,179
2026-01-02T09:31:42,QQQ,687.2223,754
2026-01-02T09:31:43,AAPL,289.7014,390
2026-01-02T09:31:43,MSFT,411.3764,479
2026-01-02T09:31:43,NVDA,191.3900,713
2026-01-02T09:31:43,TSLA,252.9936,290
2026-01-02T09:31:43,AMD,154.0953,263
2026-01-02T09:31:43,AMZN,277.0027,446
2026-01-02T09:31:43,META,612.0890,838
2026-01-02T09:31:43,GOOGL,379.2431,592
2026-01-02T09:31:43,SPY,702.6941,261
2026-01-02T09:31:43,QQQ,685.8816,359
2026-01-02T09:31:44,AAPL,290.0373,311
2026-01-02T09:31:44,MSFT,412.2240,328
2026-01-02T09:31:44,NVDA,191.2606,573
2026-01-02T09:31:44,TSLA,252.8403,211
2026-01-02T09:31:44,AMD,153.8396,241
2026-01-02T09:31:44,AMZN,276.6934,479
2026-01-02T09:31:44,META,610.8015,438
2026-01-02T09:31:44,GOOGL,379.2399,719
2026-01-02T09:31:44,SPY,703.2670,223
2026-01-02T09:31:44,QQQ,687.7513,767
2026-01-02T09:31:45,AAPL,289.6830,512
2026-01-02T09:31:45,MSFT,412.0803,289
2026-01-02T09:31:45,NVDA,191.3547,218
2026-01-02T09:31:45,TSLA,253.2827,478
2026-01-02T09:31:45,AMD,153.7998,799
2026-01-02T09:31:45,AMZN,276.6831,286
2026-01-02T09:31:45,META,612.3650,494
2026-01-02T09:31:45,GOOGL,378.8069,339
2026-01-02T09:31:45,SPY,703.7930,419
2026-01-02T09:31:45,QQQ,686.4258,518
2026-01-02T09:31:46,AAPL,290.1923,425
2026-01-02T09:31:46,MSFT,411.8516,587
2026-01-02T09:31:46,NVDA,190.9665,357
2026-01-02T09:31:46,TSLA,253.3418,286
2026-01-02T09:31:46,AMD,153.7720,470
2026-01-02T09:31:46,AMZN,276.5225,474
2026-01-02T09:31:46,META,611.2313,862
2026-01-02T09:31:46,GOOGL,378.9981,467
2026-01-02T09:31:46,SPY,702.5668,87
2026-01-02T09:31:46,QQQ,686.1372,412
2026-01-02T09:31:47,AAPL,290.1667,267
2026-01-02T09:31:47,MSFT,411.7310,348
2026-01-02T09:31:47,NVDA,191.1657,359
2026-01-02T09:31:47,TSLA,252.9528,805
2026-01-02T09:31:47,AMD,153.7361,234
2026-01-02T09:31:47,AMZN,277.2428,344
2026-01-02T09:31:47,META,611.6850,482
2026-01-02T09:31:47,GOOGL,379.1308,898
2026-01-02T09:31:47,SPY,702.9936,772
2026-01-02T09:31:47,QQQ,686.7662,504
2026-01-02T09:31:48,AAPL,289.4183,124
2026-01-02T09:31:48,MSFT,412.0326,314
2026-01-02T09:31:48,NVDA,191.1362,711
2026-01-02T09:31:48,TSLA,253.2321,660
2026-01-02T09:31:48,AMD,154.1078,799
2026-01-02T09:31:48,AMZN,277.0558,356
2026-01-02T09:31:48,META,612.5895,548
2026-01-02T09:31:48,GOOGL,379.4161,373
2026-01-02T09:31:48,SPY,702.4999,684
2026-01-02T09:31:48,QQQ,686.1939,95
2026-01-02T09:31:49,AAPL,290.1618,467
2026-01-02T09:31:49,MSFT,411.4857,355
2026-01-02T09:31:49,NVDA,191.2142,144
2026-01-02T09:31:49,TSLA,252.7679,501
2026-01-02T09:31:49,AMD,153.8684,586
2026-01-02T09:31:49,AMZN,277.1138,562
2026-01-02T09:31:49,META,611.1476,414
2026-01-02T09:31:49,GOOGL,378.9833,627
2026-01-02T09:31:49,SPY,702.3183,320
2026-01-02T09:31:49,QQQ,687.6393,830
2026-01-02T09:31:50,AAPL,290.1102,743
2026-01-02T09:31:50,MSFT,412.4497,349
2026-01-02T09:31:50,NVDA,191.0808,418
2026-01-02T09:31:50,TSLA,253.3458,443
2026-01-02T09:31:50,AMD,154.1187,510
2026-01-02T09:31:50,AMZN,277.1304,314
2026-01-02T09:31:50,META,611.6605,382
2026-01-02T09:31:50,GOOGL,378.6399,793
2026-01-02T09:31:50,SPY,702.5825,226
2026-01-02T09:31:50,QQQ,687.0283,460
2026-01-02T09:31:51,AAPL,289.5961,309
2026-01-02T09:31:51,MSFT,412.3821,140
2026-01-02T09:31:51,NVDA,191.1424,341
2026-01-02T09:31:51,TSLA,252.7498,496
2026-01-02T09:31:51,AMD,154.1225,524
2026-01-02T09:31:51,AMZN,276.7752,544
2026-01-02T09:31:51,META,611.9662,151
2026-01-02T09:31:51,GOOGL,379.4002,608
2026-01-02T09:31:51,SPY,703.5332,190
2026-01-02T09:31:51,QQQ,687.2279,215
2026-01-02T09:31:52,AAPL,290.0189,810
2026-01-02T09:31:52,MSFT,412.4762,865
2026-01-02T09:31:52,NVDA,191.0354,175
2026-01-02T09:31:52,TSLA,253.3491,160
2026-01-02T09:31:52,AMD,153.9135,746
2026-01-02T09:31:52,AMZN,277.1981,874
2026-01-02T09:31:52,META,612.2554,457
2026-01-02T09:31:52,GOOGL,379.0721,131
2026-01-02T09:31:52,SPY,703.4855,648
2026-01-02T09:31:52,QQQ,687.1625,130
2026-01-02T09:31:53,AAPL,289.6816,433
2026-01-02T09:31:53,MSFT,411.6094,209
2026-01-02T09:31:53,NVDA,191.0110,738
2026-01-02T09:31:53,TSLA,253.3003,213
2026-01-02T09:31:53,AMD,153.9116,217
2026-01-02T09:31:53,AMZN,277.3265,509
2026-01-02T09:31:53,META,611.2183,599
2026-01-02T09:31:53,GOOGL,378.8097,674
2026-01-02T09:31:53,SPY,703.8592,302
2026-01-02T09:31:53,QQQ,686.7907,633
2026-01-02T09:31:54,AAPL,290.2145,878
2026-01-02T09:31:54,MSFT,412.4690,427
2026-01-02T09:31:54,NVDA,191.4020,645
2026-01-02T09:31:54,TSLA,253.0900,342
2026-01-02T09:31:54,AMD,153.7295,814
2026-01-02T09:31:54,AMZN,276.9567,118
2026-01-02T09:31:54,META,612.0133,802
2026-01-02T09:31:54,GOOGL,378.4536,591
2026-01-02T09:31:54,SPY,702.1465,375
2026-01-02T09:31:54,QQQ,685.6665,791
2026-01-02T09:31:55,AAPL,289.6359,442
2026-01-02T09:31:55,MSFT,411.8195,269
2026-01-02T09:31:55,NVDA,191.3880,191
2026-01-02T09:31:55,TSLA,252.8077,450
2026-01-02T09:31:55,AMD,153.8620,889
2026-01-02T09:31:55,AMZN,276.7081,407
2026-01-02T09:31:55,META,612.5814,825
2026-01-02T09:31:55,GOOGL,379.3246,336
2026-01-02T09:31:55,SPY,702.2809,596
2026-01-02T09:31:55,QQQ,686.2328,616
2026-01-02T09:31:56,AAPL,289.9932,627
2026-01-02T09:31:56,MSFT,411.8463,679
2026-01-02T09:31:56,NVDA,191.3729,434
2026-01-02T09:31:56,TSLA,253.3573,596
2026-01-02T09:31:56,AMD,153.8424,285
2026-01-02T09:31:56,AMZN,276.8228,523
2026-01-02T09:31:56,META,612.7066,484
2026-01-02T09:31:56,GOOGL,379.4516,799
2026-01-02T09:31:56,SPY,703.5541,643
2026-01-02T09:31:56,QQQ,685.6345,366
2026-01-02T09:31:57,AAPL,289.6485,511
2026-01-02T09:31:57,MSFT,411.5928,305
2026-01-02T09:31:57,NVDA,191.4876,485
2026-01-02T09:31:57,TSLA,253.2946,252
2026-01-02T09:31:57,AMD,153.6845,569
2026-01-02T09:31:57,AMZN,277.3213,136
2026-01-02T09:31:57,META,611.0757,521
2026-01-02T09:31:57,GOOGL,379.4608,715
2026-01-02T09:31:57,SPY,703.9225,501
2026-01-02T09:31:57,QQQ,685.9129,898
2026-01-02T09:31:58,AAPL,289.8585,158
2026-01-02T09:31:58,MSFT,412.3499,251
2026-01-02T09:31:58,NVDA,191.2932,267
2026-01-02T09:31:58,TSLA,252.7915,553
2026-01-02T09:31:58,AMD,153.7647,891
2026-01-02T09:31:58,AMZN,277.2693,109
2026-01-02T09:31:58,META,612.6557,722
2026-01-02T09:31:58,GOOGL,379.2897,320
2026-01-02T09:31:58,SPY,703.0903,486
2026-01-02T09:31:58,QQQ,686.8139,560
2026-01-02T09:31:59,AAPL,290.0950,275
2026-01-02T09:31:59,MSFT,412.3919,617
2026-01-02T09:31:59,NVDA,190.9738,106
2026-01-02T09:31:59,TSLA,252.8262,871
2026-01-02T09:31:59,AMD,153.8578,133
2026-01-02T09:31:59,AMZN,276.8613,563
2026-01-02T09:31:59,META,612.5374,369
2026-01-02T09:31:59,GOOGL,379.3879,99
2026-01-02T09:31:59,SPY,702.1172,893
2026-01-02T09:31:59,QQQ,687.2608,97
2026-01-02T09:31:00,AAPL,289.7880,868
2026-01-02T09:31:00,MSFT,411.6156,210
2026-01-02T09:31:00,NVDA,191.0678,254
2026-01-02T09:31:00,TSLA,252.9212,487
2026-01-02T09:31:00,AMD,153.8435,217
2026-01-02T09:31:00,AMZN,276.8564,397
2026-01-02T09:31:00,META,612.2720,503
2026-01-02T09:31:00,GOOGL,378.3387,188
2026-01-02T09:31:00,SPY,702.0097,126
2026-01-02T09:31:00,QQQ,686.4319,525
2026-01-02T09:31:01,AAPL,290.1052,362
2026-01-02T09:31:01,MSFT,411.6840,160
2026-01-02T09:31:01,NVDA,191.3623,547
2026-01-02T09:31:01,TSLA,252.8576,530
2026-01-02T09:31:01,AMD,153.8532,404
2026-01-02T09:31:01,AMZN,277.1449,412
2026-01-02T09:31:01,META,611.8860,84
2026-01-02T09:31:01,GOOGL,378.3141,225
2026-01-02T09:31:01,SPY,702.2981,419
2026-01-02T09:31:01,QQQ,686.5056,556
2026-01-02T09:31:02,AAPL,290.0236,787
2026-01-02T09:31:02,MSFT,412.2707,834
2026-01-02T09:31:02,NVDA,190.9948,762
2026-01-02T09:31:02,TSLA,253.0136,302
2026-01-02T09:31:02,AMD,153.7821,741
2026-01-02T09:31:02,AMZN,276.7040,178
2026-01-02T09:31:02,META,611.7851,540
2026-01-02T09:31:02,GOOGL,378.8208,595
2026-01-02T09:31:02,SPY,703.6006,615
2026-01-02T09:31:02,QQQ,686.8468,456
2026-01-02T09:31:03,AAPL,290.2256,784
2026-01-02T09:31:03,MSFT,412.0844,576
2026-01-02T09:31:03,NVDA,191.0440,205
2026-01-02T09:31:03,TSLA,253.2433,228
2026-01-02T09:31:03,AMD,153.8120,607
2026-01-02T09:31:03,AMZN,277.1742,335
2026-01-02T09:31:03,META,611.4151,704
2026-01-02T09:31:03,GOOGL,379.0630,476
2026-01-02T09:31:03,SPY,703.8782,467
2026-01-02T09:31:03,QQQ,685.7733,137
2026-01-02T09:31:04,AAPL,290.2250,349
2026-01-02T09:31:04,MSFT,411.7753,435
2026-01-02T09:31:04,NVDA,191.0400,491
2026-01-02T09:31:04,TSLA,252.9536,331
2026-01-02T09:31:04,AMD,153.9744,526
2026-01-02T09:31:04,AMZN,277.0350,854
2026-01-02T09:31:04,META,611.9014,430
2026-01-02T09:31:04,GOOGL,378.8550,397
2026-01-02T09:31:04,SPY,703.1605,298
2026-01-02T09:31:04,QQQ,685.8171,185
2026-01-02T09:31:05,AAPL,289.8571,298
2026-01-02T09:31:05,MSFT,412.2750,363
2026-01-02T09:31:05,NVDA,191.1797,866
2026-01-02T09:31:05,TSLA,253.1449,734
2026-01-02T09:31:05,AMD,153.8453,561
2026-01-02T09:31:05,AMZN,277.0092,386
2026-01-02T09:31:05,META,612.3600,414
2026-01-02T09:31:05,GOOGL,378.4947,730
2026-01-02T09:31:05,SPY,703.3342,824
2026-01-02T09:31:05,QQQ,687.0227,776
2026-01-02T09:31:06,AAPL,289.9103,374
2026-01-02T09:31:06,MSFT,412.1339,245
2026-01-02T09:31:06,NVDA,191.1840,159
2026-01-02T09:31:06,TSLA,253.0900,267
2026-01-02T09:31:06,AMD,153.7854,136
2026-01-02T09:31:06,AMZN,277.0005,865
2026-01-02T09:31:06,META,611.1774,91
2026-01-02T09:31:06,GOOGL,378.2537,793
2026-01-02T09:31:06,SPY,702.2400,786
2026-01-02T09:31:06,QQQ,685.2950,108
2026-01-02T09:31:07,AAPL,290.2963,446
2026-01-02T09:31:07,MSFT,411.5428,402
2026-01-02T09:31:07,NVDA,191.3205,132
2026-01-02T09:31:07,TSLA,253.5587,263
2026-01-02T09:31:07,AMD,154.0335,680
2026-01-02T09:31:07,AMZN,277.0816,559
2026-01-02T09:31:07,META,612.0187,463
2026-01-02T09:31:07,GOOGL,378.2934,376
2026-01-02T09:31:07,SPY,703.1844,900
2026-01-02T09:31:07,QQQ,685.7312,535
2026-01-02T09:31:08,AAPL,290.3865,399
2026-01-02T09:31:08,MSFT,411.9826,819
2026-01-02T09:31:08,NVDA,191.4164,625
2026-01-02T09:31:08,TSLA,253.2355,768
2026-01-02T09:31:08,AMD,153.9588,620
2026-01-02T09:31:08,AMZN,277.4166,718
2026-01-02T09:31:08,META,612.8833,201
2026-01-02T09:31:08,GOOGL,378.5832,636
2026-01-02T09:31:08,SPY,702.2135,679
2026-01-02T09:31:08,QQQ,686.6420,97
2026-01-02T09:31:09,AAPL,290.0942,215
2026-01-02T09:31:09,MSFT,412.0990,688
2026-01-02T09:31:09,NVDA,191.3951,162
2026-01-02T09:31:09,TSLA,253.2458,184
2026-01-02T09:31:09,AMD,154.0216,215
2026-01-02T09:31:09,AMZN,277.4639,485
2026-01-02T09:31:09,META,612.1935,256
2026-01-02T09:31:09,GOOGL,379.1261,92
2026-01-02T09:31:09,SPY,702.1758,231
2026-01-02T09:31:09,QQQ,686.4186,130
2026-01-02T09:31:10,AAPL,289.7250,329
2026-01-02T09:31:10,MSFT,411.6051,680
2026-01-02T09:31:10,NVDA,191.2818,732
2026-01-02T09:31:10,TSLA,253.4850,451
2026-01-02T09:31:10,AMD,153.6902,288
2026-01-02T09:31:10,AMZN,277.1243,659
2026-01-02T09:31:10,META,613.0493,553
2026-01-02T09:31:10,GOOGL,379.1388,432
2026-01-02T09:31:10,SPY,703.2161,590
2026-01-02T09:31:10,QQQ,685.6437,253
2026-01-02T09:31:11,AAPL,290.4165,223
2026-01-02T09:31:11,MSFT,412.2151,698
2026-01-02T09:31:11,NVDA,191.1030,597
2026-01-02T09:31:11,TSLA,253.1841,444
2026-01-02T09:31:11,AMD,153.8552,176
2026-01-02T09:31:11,AMZN,277.3454,250
2026-01-02T09:31:11,META,612.9066,109
2026-01-02T09:31:11,GOOGL,378.9120,512
2026-01-02T09:31:11,SPY,702.6231,541
2026-01-02T09:31:11,QQQ,687.1895,664
2026-01-02T09:31:12,AAPL,289.9233,352
2026-01-02T09:31:12,MSFT,412.5971,665
2026-01-02T09:31:12,NVDA,191.4064,537
2026-01-02T09:31:12,TSLA,253.6527,721
2026-01-02T09:31:12,AMD,154.0212,140
2026-01-02T09:31:12,AMZN,277.0248,895
2026-01-02T09:31:12,META,612.3536,894
2026-01-02T09:31:12,GOOGL,378.8293,609
2026-01-02T09:31:12,SPY,703.0720,552
2026-01-02T09:31:12,QQQ,685.8196,496
2026-01-02T09:31:13,AAPL,290.1399,883
2026-01-02T09:31:13,MSFT,412.1377,600
2026-01-02T09:31:13,NVDA,191.2876,470
2026-01-02T09:31:13,TSLA,253.2340,419
2026-01-02T09:31:13,AMD,153.9666,378
2026-01-02T09:31:13,AMZN,277.4608,543
2026-01-02T09:31:13,META,611.4654,712
2026-01-02T09:31:13,GOOGL,378.7968,491
2026-01-02T09:31:13,SPY,701.6841,670
2026-01-02T09:31:13,QQQ,685.1932,845
2026-01-02T09:31:14,AAPL,290.2501,845
2026-01-02T09:31:14,MSFT,412.4147,758
2026-01-02T09:31:14,NVDA,191.4207,317
2026-01-02T09:31:14,TSLA,253.5040,815
2026-01-02T09:31:14,AMD,153.6591,511
2026-01-02T09:31:14,AMZN,277.5862,317
2026-01-02T09:31:14,META,612.0220,452
2026-01-02T09:31:14,GOOGL,378.3479,516
2026-01-02T09:31:14,SPY,702.9840,648
2026-01-02T09:31:14,QQQ,685.3082,831
2026-01-02T09:31:15,AAPL,290.0437,323
2026-01-02T09:31:15,MSFT,412.8319,739
2026-01-02T09:31:15,NVDA,191.5373,448
2026-01-02T09:31:15,TSLA,253.5665,511
2026-01-02T09:31:15,AMD,153.5911,700
2026-01-02T09:31:15,AMZN,277.6089,633
2026-01-02T09:31:15,META,611.5352,333
2026-01-02T09:31:15,GOOGL,378.1759,640
2026-01-02T09:31:15,SPY,702.1426,870
2026-01-02T09:31:15,QQQ,685.4166,812
2026-01-02T09:31:16,AAPL,290.4242,298
2026-01-02T09:31:16,MSFT,412.1523,513
2026-01-02T09:31:16,NVDA,191.5975,336
2026-01-02T09:31:16,TSLA,253.5121,883
2026-01-02T09:31:16,AMD,153.6211,798
2026-01-02T09:31:16,AMZN,277.4558,875
2026-01-02T09:31:16,META,611.3795,531
2026-01-02T09:31:16,GOOGL,378.2830,222
2026-01-02T09:31:16,SPY,702.1855,830
2026-01-02T09:31:16,QQQ,685.3833,88
2026-01-02T09:31:17,AAPL,290.1370,221
2026-01-02T09:31:17,MSFT,412.7546,215
2026-01-02T09:31:17,NVDA,191.1760,580
2026-01-02T09:31:17,TSLA,253.4866,130
2026-01-02T09:31:17,AMD,153.7331,694
2026-01-02T09:31:17,AMZN,277.2822,885
2026-01-02T09:31:17,META,612.3525,691
2026-01-02T09:31:17,GOOGL,379.0944,558
2026-01-02T09:31:17,SPY,703.5656,174
2026-01-02T09:31:17,QQQ,685.9994,876
2026-01-02T09:31:18,AAPL,290.4419,779
2026-01-02T09:31:18,MSFT,411.7494,701
2026-01-02T09:31:18,NVDA,191.4309,246
2026-01-02T09:31:18,TSLA,253.1387,669
2026-01-02T09:31:18,AMD,153.8331,701
2026-01-02T09:31:18,AMZN,277.1777,879
2026-01-02T09:31:18,META,612.3896,171
2026-01-02T09:31:18,GOOGL,378.7528,650
2026-01-02T09:31:18,SPY,702.5531,202
2026-01-02T09:31:18,QQQ,685.6852,734
2026-01-02T09:31:19,AAPL,290.1911,240
2026-01-02T09:31:19,MSFT,411.9224,182
2026-01-02T09:31:19,NVDA,191.5672,645
2026-01-02T09:31:19,TSLA,253.3574,174
2026-01-02T09:31:19,AMD,153.7083,352
2026-01-02T09:31:19,AMZN,277.4972,878
2026-01-02T09:31:19,META,613.2250,736
2026-01-02T09:31:19,GOOGL,378.3529,240
2026-01-02T09:31:19,SPY,701.5413,201
2026-01-02T09:31:19,QQQ,686.0955,668
2026-01-02T09:31:20,AAPL,289.9121,322
2026-01-02T09:31:20,MSFT,412.8647,635
2026-01-02T09:31:20,NVDA,191.5190,402
2026-01-02T09:31:20,TSLA,253.6959,891
2026-01-02T09:31:20,AMD,153.5484,126
2026-01-02T09:31:20,AMZN,277.4664,824
2026-01-02T09:31:20,META,611.6981,475
2026-01-02T09:31:20,GOOGL,378.8360,297
2026-01-02T09:31:20,SPY,702.4619,137
2026-01-02T09:31:20,QQQ,686.5097,314
2026-01-02T09:31:21,AAPL,290.2199,251
2026-01-02T09:31:21,MSFT,412.8583,502
2026-01-02T09:31:21,NVDA,191.4703,854
2026-01-02T09:31:21,TSLA,253.3768,896
2026-01-02T09:31:21,AMD,153.9263,597
2026-01-02T09:31:21,AMZN,277.3325,706
2026-01-02T09:31:21,META,612.6191,898
2026-01-02T09:31:21,GOOGL,378.5432,589
2026-01-02T09:31:21,SPY,701.9162,657
2026-01-02T09:31:21,QQQ,685.4601,429
2026-01-02T09:31:22,AAPL,289.8421,130
2026-01-02T09:31:22,MSFT,412.2872,661
2026-01-02T09:31:22,NVDA,191.3436,579
2026-01-02T09:31:22,TSLA,253.7426,406
2026-01-02T09:31:22,AMD,153.9394,465
2026-01-02T09:31:22,AMZN,277.0974,657
2026-01-02T09:31:22,META,612.4564,471
2026-01-02T09:31:22,GOOGL,378.9933,306
2026-01-02T09:31:22,SPY,701.8856,706
2026-01-02T09:31:22,QQQ,685.5926,138
2026-01-02T09:31:23,AAPL,289.9740,486
2026-01-02T09:31:23,MSFT,412.7952,316
2026-01-02T09:31:23,NVDA,191.2358,548
2026-01-02T09:31:23,TSLA,253.6199,681
2026-01-02T09:31:23,AMD,153.6659,597
2026-01-02T09:31:23,AMZN,276.9945,205
2026-01-02T09:31:23,META,612.6169,363
2026-01-02T09:31:23,GOOGL,378.4630,541
2026-01-02T09:31:23,SPY,701.5248,863
2026-01-02T09:31:23,QQQ,686.1037,196
2026-01-02T09:31:24,AAPL,290.0493,89
2026-01-02T09:31:24,MSFT,412.8299,499
2026-01-02T09:31:24,NVDA,191.2776,807
2026-01-02T09:31:24,TSLA,253.1284,668
2026-01-02T09:31:24,AMD,153.6935,612
2026-01-02T09:31:24,AMZN,277.6788,179
2026-01-02T09:31:24,META,612.1995,721
2026-01-02T09:31:24,GOOGL,378.0135,646
2026-01-02T09:31:24,SPY,702.2064,710
2026-01-02T09:31:24,QQQ,685.6722,532
2026-01-02T09:31:25,AAPL,290.1531,386
2026-01-02T09:31:25,MSFT,412.7704,333
2026-01-02T09:31:25,NVDA,191.6697,740
2026-01-02T09:31:25,TSLA,253.6884,643
2026-01-02T09:31:25,AMD,153.7759,161
2026-01-02T09:31:25,AMZN,277.3928,335
2026-01-02T09:31:25,META,612.2515,248
2026-01-02T09:31:25,GOOGL,378.3528,193
2026-01-02T09:31:25,SPY,702.6340,406
2026-01-02T09:31:25,QQQ,686.7130,341
2026-01-02T09:31:26,AAPL,290.4041,791
2026-01-02T09:31:26,MSFT,412.2558,657
2026-01-02T09:31:26,NVDA,191.5599,605
2026-01-02T09:31:26,TSLA,253.2253,878
2026-01-02T09:31:26,AMD,153.8982,350
2026-01-02T09:31:26,AMZN,277.1837,808
2026-01-02T09:31:26,META,612.1352,813
2026-01-02T09:31:26,GOOGL,378.9200,747
2026-01-02T09:31:26,SPY,702.3234,118
2026-01-02T09:31:26,QQQ,686.1257,732
2026-01-02T09:31:27,AAPL,289.8619,341
2026-01-02T09:31:27,MSFT,412.1251,420
2026-01-02T09:31:27,NVDA,191.5560,672
2026-01-02T09:31:27,TSLA,253.5758,432
2026-01-02T09:31:27,AMD,153.7658,481
2026-01-02T09:31:27,AMZN,277.5608,678
2026-01-02T09:31:27,META,612.0455,348
2026-01-02T09:31:27,GOOGL,378.1762,540
2026-01-02T09:31:27,SPY,701.7048,588
2026-01-02T09:31:27,QQQ,686.3072,339
2026-01-02T09:31:28,AAPL,290.3078,592
2026-01-02T09:31:28,MSFT,412.5542,534
2026-01-02T09:31:28,NVDA,191.1983,228
2026-01-02T09:31:28,TSLA,253.7436,209
2026-01-02T09:31:28,AMD,153.5407,775
2026-01-02T09:31:28,AMZN,277.4396,471
2026-01-02T09:31:28,META,612.4943,329
2026-01-02T09:31:28,GOOGL,378.3074,399
2026-01-02T09:31:28,SPY,702.8575,693
2026-01-02T09:31:28,QQQ,684.9125,587
2026-01-02T09:31:29,AAPL,290.2260,873
2026-01-02T09:31:29,MSFT,412.8466,610
2026-01-02T09:31:29,NVDA,191.1681,889
2026-01-02T09:31:29,TSLA,253.0730,204
2026-01-02T09:31:29,AMD,153.5656,295
2026-01-02T09:31:29,AMZN,276.9917,850
2026-01-02T09:31:29,META,611.6771,696
2026-01-02T09:31:29,GOOGL,378.2088,898
2026-01-02T09:31:29,SPY,701.8309,367
2026-01-02T09:31:29,QQQ,686.2474,613
2026-01-02T09:31:30,AAPL,290.6226,518
2026-01-02T09:31:30,MSFT,412.1771,364
2026-01-02T09:31:30,NVDA,191.5134,293
2026-01-02T09:31:30,TSLA,253.6956,323
2026-01-02T09:31:30,AMD,153.5056,774
2026-01-02T09:31:30,AMZN,277.4595,112
2026-01-02T09:31:30,META,612.9237,377
2026-01-02T09:31:30,GOOGL,378.2325,509
2026-01-02T09:31:30,SPY,702.1637,90
2026-01-02T09:31:30,QQQ,684.9511,175
2026-01-02T09:31:31,AAPL,290.6893,757
2026-01-02T09:31:31,MSFT,413.0687,161
2026-01-02T09:31:31,NVDA,191.2896,269
2026-01-02T09:31:31,TSLA,253.3784,864
2026-01-02T09:31:31,AMD,153.5411,398
2026-01-02T09:31:31,AMZN,277.3908,522
2026-01-02T09:31:31,META,613.1273,401
2026-01-02T09:31:31,GOOGL,378.3331,571
2026-01-02T09:31:31,SPY,702.3207,617
2026-01-02T09:31:31,QQQ,686.4717,434
2026-01-02T09:31:32,AAPL,290.2563,827
2026-01-02T09:31:32,MSFT,412.3578,399
2026-01-02T09:31:32,NVDA,191.1731,893
2026-01-02T09:31:32,TSLA,253.3425,232
2026-01-02T09:31:32,AMD,153.6616,826
2026-01-02T09:31:32,AMZN,277.7209,535
2026-01-02T09:31:32,META,612.6893,712
2026-01-02T09:31:32,GOOGL,378.8408,186
2026-01-02T09:31:32,SPY,703.1194,282
2026-01-02T09:31:32,QQQ,684.9280,544
2026-01-02T09:31:33,AAPL,289.9859,94
2026-01-02T09:31:33,MSFT,413.0247,397
2026-01-02T09:31:33,NVDA,191.6401,517
2026-01-02T09:31:33,TSLA,253.5023,196
2026-01-02T09:31:33,AMD,153.8021,673
2026-01-02T09:31:33,AMZN,277.3189,895
2026-01-02T09:31:33,META,612.7041,417
2026-01-02T09:31:33,GOOGL,378.3029,307
2026-01-02T09:31:33,SPY,702.6812,301
2026-01-02T09:31:33,QQQ,686.0133,81
2026-01-02T09:31:34,AAPL,290.0531,815
2026-01-02T09:31:34,MSFT,412.0616,615
2026-01-02T09:31:34,NVDA,191.6648,145
2026-01-02T09:31:34,TSLA,253.8126,509
2026-01-02T09:31:34,AMD,153.8326,163
2026-01-02T09:31:34,AMZN,277.4610,675
2026-01-02T09:31:34,META,612.7894,770
2026-01-02T09:31:34,GOOGL,378.1530,246
2026-01-02T09:31:34,SPY,702.9281,523
2026-01-02T09:31:34,QQQ,686.0822,667
2026-01-02T09:31:35,AAPL,289.9349,404
2026-01-02T09:31:35,MSFT,412.0892,221
2026-01-02T09:31:35,NVDA,191.5046,307
2026-01-02T09:31:35,TSLA,253.7430,463
2026-01-02T09:31:35,AMD,153.5914,315
2026-01-02T09:31:35,AMZN,277.1271,503
2026-01-02T09:31:35,META,612.0674,818
2026-01-02T09:31:35,GOOGL,378.9422,184
2026-01-02T09:31:35,SPY,703.0783,391
2026-01-02T09:31:35,QQQ,685.9698,243
2026-01-02T09:31:36,AAPL,290.0497,900
2026-01-02T09:31:36,MSFT,412.7628,573
2026-01-02T09:31:36,NVDA,191.3191,225
2026-01-02T09:31:36,TSLA,253.3809,433
2026-01-02T09:31:36,AMD,153.5992,790
2026-01-02T09:31:36,AMZN,277.7815,848
2026-01-02T09:31:36,META,612.0187,835
2026-01-02T09:31:36,GOOGL,378.1760,801
2026-01-02T09:31:36,SPY,701.2214,313
2026-01-02T09:31:36,QQQ,685.5376,722
2026-01-02T09:31:37,AAPL,289.9208,612
2026-01-02T09:31:37,MSFT,412.4725,517
2026-01-02T09:31:37,NVDA,191.6023,723
2026-01-02T09:31:37,TSLA,253.6165,129
2026-01-02T09:31:37,AMD,153.7123,335
2026-01-02T09:31:37,AMZN,277.4392,470
2026-01-02T09:31:37,META,613.3901,171
2026-01-02T09:31:37,GOOGL,378.8576,432
2026-01-02T09:31:37,SPY,701.8967,840
2026-01-02T09:31:37,QQQ,685.2574,231
2026-01-02T09:31:38,AAPL,290.1058,326
2026-01-02T09:31:38,MSFT,412.4860,240
2026-01-02T09:31:38,NVDA,191.3890,334
2026-01-02T09:31:38,TSLA,253.8063,433
2026-01-02T09:31:38,AMD,153.5943,513
2026-01-02T09:31:38,AMZN,277.5921,365
2026-01-02T09:31:38,META,613.6380,269
2026-01-02T09:31:38,GOOGL,378.1321,226
2026-01-02T09:31:38,SPY,702.6171,357
2026-01-02T09:31:38,QQQ,685.4664,128
2026-01-02T09:31:39,AAPL,290.7389,871
2026-01-02T09:31:39,MSFT,412.3960,501
2026-01-02T09:31:39,NVDA,191.4416,186
2026-01-02T09:31:39,TSLA,253.3407,779
2026-01-02T09:31:39,AMD,153.5754,635
2026-01-02T09:31:39,AMZN,277.2386,482
2026-01-02T09:31:39,META,613.6089,104
2026-01-02T09:31:39,GOOGL,378.2157,146
2026-01-02T09:31:39,SPY,702.4470,313
2026-01-02T09:31:39,QQQ,684.8542,275
2026-01-02T09:31:40,AAPL,290.2217,334
2026-01-02T09:31:40,MSFT,413.1563,536
2026-01-02T09:31:40,NVDA,191.4534,332
2026-01-02T09:31:40,TSLA,253.5229,152
2026-01-02T09:31:40,AMD,153.7997,251
2026-01-02T09:31:40,AMZN,277.7943,89
2026-01-02T09:31:40,META,613.0981,284
2026-01-02T09:31:40,GOOGL,378.4529,97
2026-01-02T09:31:40,SPY,702.0863,261
2026-01-02T09:31:40,QQQ,684.7618,199
2026-01-02T09:31:41,AAPL,290.6252,153
2026-01-02T09:31:41,MSFT,412.7330,883
2026-01-02T09:31:41,NVDA,191.3261,279
2026-01-02T09:31:41,TSLA,253.6141,291
2026-01-02T09:31:41,AMD,153.7437,614
2026-01-02T09:31:41,AMZN,277.3790,786
2026-01-02T09:31:41,META,613.2426,188
2026-01-02T09:31:41,GOOGL,378.4135,263
2026-01-02T09:31:41,SPY,701.4890,737
2026-01-02T09:31:41,QQQ,685.8721,547
2026-01-02T09:31:42,AAPL,290.4256,577
2026-01-02T09:31:42,MSFT,413.2171,439
2026-01-02T09:31:42,NVDA,191.5641,349
2026-01-02T09:31:42,TSLA,253.4140,285
2026-01-02T09:31:42,AMD,153.7740,697
2026-01-02T09:31:42,AMZN,277.8077,374
2026-01-02T09:31:42,META,613.6367,124
2026-01-02T09:31:42,GOOGL,377.9860,262
2026-01-02T09:31:42,SPY,701.4279,504
2026-01-02T09:31:42,QQQ,684.5256,191
2026-01-02T09:31:43,AAPL,290.8244,805
2026-01-02T09:31:43,MSFT,412.0436,474
2026-01-02T09:31:43,NVDA,191.3121,389
2026-01-02T09:31:43,TSLA,253.8043,145
2026-01-02T09:31:43,AMD,153.7681,432
2026-01-02T09:31:43,AMZN,277.1473,237
2026-01-02T09:31:43,META,612.6488,750
2026-01-02T09:31:43,GOOGL,377.7692,482
2026-01-02T09:31:43,SPY,702.1360,455
2026-01-02T09:31:43,QQQ,685.5827,820
2026-01-02T09:31:44,AAPL,290.5364,207
2026-01-02T09:31:44,MSFT,412.4259,407
2026-01-02T09:31:44,NVDA,191.6551,667
2026-01-02T09:31:44,TSLA,253.7909,735
2026-01-02T09:31:44,AMD,153.6162,601
2026-01-02T09:31:44,AMZN,277.4267,571
2026-01-02T09:31:44,META,612.0274,621
2026-01-02T09:31:44,GOOGL,378.8128,557
2026-01-02T09:31:44,SPY,702.4205,814
2026-01-02T09:31:44,QQQ,684.7152,392
2026-01-02T09:31:45,AAPL,290.2135,884
2026-01-02T09:31:45,MSFT,412.6840,864
2026-01-02T09:31:45,NVDA,191.4251,616
2026-01-02T09:31:45,TSLA,253.6506,181
2026-01-02T09:31:45,AMD,153.7794,284
2026-01-02T09:31:45,AMZN,277.8453,376
2026-01-02T09:31:45,META,613.8080,345
2026-01-02T09:31:45,GOOGL,378.7897,141
2026-01-02T09:31:45,SPY,702.0683,634
2026-01-02T09:31:45,QQQ,685.6034,661
2026-01-02T09:31:46,AAPL,290.2077,80
2026-01-02T09:31:46,MSFT,412.8478,665
2026-01-02T09:31:46,NVDA,191.3563,328
2026-01-02T09:31:46,TSLA,253.7978,801
2026-01-02T09:31:46,AMD,153.6453,184
2026-01-02T09:31:46,AMZN,277.6236,785
2026-01-02T09:31:46,META,613.3675,777
2026-01-02T09:31:46,GOOGL,378.4254,801
2026-01-02T09:31:46,SPY,702.8312,623
2026-01-02T09:31:46,QQQ,684.5719,754
2026-01-02T09:31:47,AAPL,290.8679,671
2026-01-02T09:31:47,MSFT,413.2215,119
2026-01-02T09:31:47,NVDA,191.8072,205
2026-01-02T09:31:47,TSLA,253.5808,783
2026-01-02T09:31:47,AMD,153.5268,351
2026-01-02T09:31:47,AMZN,277.3717,250
2026-01-02T09:31:47,META,613.4472,867
2026-01-02T09:31:47,GOOGL,377.7329,530
2026-01-02T09:31:47,SPY,702.6530,570
2026-01-02T09:31:47,QQQ,684.3902,825
2026-01-02T09:31:48,AAPL,290.6847,129
2026-01-02T09:31:48,MSFT,412.5177,402
2026-01-02T09:31:48,NVDA,191.6633,817
2026-01-02T09:31:48,TSLA,253.8831,249
2026-01-02T09:31:48,AMD,153.4134,175
2026-01-02T09:31:48,AMZN,277.2478,463
2026-01-02T09:31:48,META,613.8018,563
2026-01-02T09:31:48,GOOGL,378.4796,453
2026-01-02T09:31:48,SPY,702.1292,391
2026-01-02T09:31:48,QQQ,685.3750,837
2026-01-02T09:31:49,AAPL,290.8666,400
2026-01-02T09:31:49,MSFT,412.1481,673
2026-01-02T09:31:49,NVDA,191.6808,240
2026-01-02T09:31:49,TSLA,253.9301,97
2026-01-02T09:31:49,AMD,153.6875,447
2026-01-02T09:31:49,AMZN,277.2657,840
2026-01-02T09:31:49,META,612.8398,819
2026-01-02T09:31:49,GOOGL,378.2436,806
2026-01-02T09:31:49,SPY,701.8250,211
2026-01-02T09:31:49,QQQ,684.8104,204
2026-01-02T09:31:50,AAPL,290.5898,568
2026-01-02T09:31:50,MSFT,412.8067,265
2026-01-02T09:31:50,NVDA,191.7523,195
2026-01-02T09:31:50,TSLA,253.7253,464
2026-01-02T09:31:50,AMD,153.7819,655
2026-01-02T09:31:50,AMZN,277.2529,236
2026-01-02T09:31:50,META,613.5574,302
2026-01-02T09:31:50,GOOGL,377.9938,777
2026-01-02T09:31:50,SPY,702.0199,799
2026-01-02T09:31:50,QQQ,684.5885,710
2026-01-02T09:31:51,AAPL,290.8286,156
2026-01-02T09:31:51,MSFT,412.4437,500
2026-01-02T09:31:51,NVDA,191.8290,660
2026-01-02T09:31:51,TSLA,253.7879,768
2026-01-02T09:31:51,AMD,153.3887,692
2026-01-02T09:31:51,AMZN,277.5686,83
2026-01-02T09:31:51,META,613.3833,200
2026-01-02T09:31:51,GOOGL,378.5924,781
2026-01-02T09:31:51,SPY,702.0025,294
2026-01-02T09:31:51,QQQ,685.1729,837
2026-01-02T09:31:52,AAPL,290.8284,705
2026-01-02T09:31:52,MSFT,412.7626,381
2026-01-02T09:31:52,NVDA,191.6811,251
2026-01-02T09:31:52,TSLA,253.7001,685
2026-01-02T09:31:52,AMD,153.3832,374
2026-01-02T09:31:52,AMZN,277.7927,615
2026-01-02T09:31:52,META,612.9526,895
2026-01-02T09:31:52,GOOGL,378.6864,144
2026-01-02T09:31:52,SPY,702.5806,398
2026-01-02T09:31:52,QQQ,684.5201,641
2026-01-02T09:31:53,AAPL,290.6425,431
2026-01-02T09:31:53,MSFT,412.9368,151
2026-01-02T09:31:53,NVDA,191.7470,183
2026-01-02T09:31:53,TSLA,253.6396,870
2026-01-02T09:31:53,AMD,153.7991,183
2026-01-02T09:31:53,AMZN,277.7033,289
2026-01-02T09:31:53,META,613.1241,258
2026-01-02T09:31:53,GOOGL,378.6753,296
2026-01-02T09:31:53,SPY,700.7836,884
2026-01-02T09:31:53,QQQ,684.8660,872
2026-01-02T09:31:54,AAPL,290.2117,647
2026-01-02T09:31:54,MSFT,412.5987,340
2026-01-02T09:31:54,NVDA,191.4858,886
2026-01-02T09:31:54,TSLA,253.5532,280
2026-01-02T09:31:54,AMD,153.6059,332
2026-01-02T09:31:54,AMZN,277.3446,714
2026-01-02T09:31:54,META,613.1579,402
2026-01-02T09:31:54,GOOGL,378.4646,267
2026-01-02T09:31:54,SPY,702.0286,297
2026-01-02T09:31:54,QQQ,684.8602,288
2026-01-02T09:31:55,AAPL,290.8771,778
2026-01-02T09:31:55,MSFT,413.0230,429
2026-01-02T09:31:55,NVDA,191.6439,271
2026-01-02T09:31:55,TSLA,253.6239,249
2026-01-02T09:31:55,AMD,153.6339,459
2026-01-02T09:31:55,AMZN,277.8257,498
2026-01-02T09:31:55,META,612.7051,460
2026-01-02T09:31:55,GOOGL,378.2030,875
2026-01-02T09:31:55,SPY,701.9669,679
2026-01-02T09:31:55,QQQ,685.7222,769
2026-01-02T09:31:56,AAPL,290.1419,332
2026-01-02T09:31:56,MSFT,412.9885,834
2026-01-02T09:31:56,NVDA,191.7241,246
2026-01-02T09:31:56,TSLA,253.7292,357
2026-01-02T09:31:56,AMD,153.5052,822
2026-01-02T09:31:56,AMZN,277.8207,293
2026-01-02T09:31:56,META,612.8389,82
2026-01-02T09:31:56,GOOGL,378.0535,765
2026-01-02T09:31:56,SPY,700.7543,560
2026-01-02T09:31:56,QQQ,685.7517,199
2026-01-02T09:31:57,AAPL,290.5762,839
2026-01-02T09:31:57,MSFT,412.6621,136
2026-01-02T09:31:57,NVDA,191.6507,477
2026-01-02T09:31:57,TSLA,253.4921,662
2026-01-02T09:31:57,AMD,153.3432,605
2026-01-02T09:31:57,AMZN,277.1963,469
2026-01-02T09:31:57,META,612.6613,491
2026-01-02T09:31:57,GOOGL,378.2652,728
2026-01-02T09:31:57,SPY,702.0981,241
2026-01-02T09:31:57,QQQ,684.4137,437
2026-01-02T09:31:58,AAPL,290.9652,297
2026-01-02T09:31:58,MSFT,412.3413,216
2026-01-02T09:31:58,NVDA,191.4738,592
2026-01-02T09:31:58,TSLA,253.7944,309
2026-01-02T09:31:58,AMD,153.3531,299
2026-01-02T09:31:58,AMZN,277.5849,843
2026-01-02T09:31:58,META,612.7783,244
2026-01-02T09:31:58,GOOGL,377.8954,659
2026-01-02T09:31:58,SPY,701.1935,815
2026-01-02T09:31:58,QQQ,684.5621,612
2026-01-02T09:31:59,AAPL,290.9095,476
2026-01-02T09:31:59,MSFT,413.0117,816
2026-01-02T09:31:59,NVDA,191.4211,466
2026-01-02T09:31:59,TSLA,253.6343,97
2026-01-02T09:31:59,AMD,153.7240,420
2026-01-02T09:31:59,AMZN,277.8316,808
2026-01-02T09:31:59,META,613.8064,544
2026-01-02T09:31:59,GOOGL,378.4846,515
2026-01-02T09:31:59,SPY,702.2186,724
2026-01-02T09:31:59,QQQ,685.1954,430
2026-01-02T09:31:00,AAPL,290.6963,373
2026-01-02T09:31:00,MSFT,412.3126,439
2026-01-02T09:31:00,NVDA,191.8911,538
2026-01-02T09:31:00,TSLA,253.4735,258
2026-01-02T09:31:00,AMD,153.6282,476
2026-01-02T09:31:00,AMZN,277.8867,363
2026-01-02T09:31:00,META,613.0812,319
2026-01-02T09:31:00,GOOGL,378.3908,529
2026-01-02T09:31:00,SPY,701.4458,384
2026-01-02T09:31:00,QQQ,684.1801,518
2026-01-02T09:31:01,AAPL,290.4876,807
2026-01-02T09:31:01,MSFT,412.5154,110
2026-01-02T09:31:01,NVDA,191.8437,207
2026-01-02T09:31:01,TSLA,254.0760,796
2026-01-02T09:31:01,AMD,153.3610,477
2026-01-02T09:31:01,AMZN,277.9132,146
2026-01-02T09:31:01,META,613.9756,785
2026-01-02T09:31:01,GOOGL,378.4618,772
2026-01-02T09:31:01,SPY,701.8591,211
2026-01-02T09:31:01,QQQ,684.6501,842
2026-01-02T09:31:02,AAPL,290.3762,189
2026-01-02T09:31:02,MSFT,412.8418,838
2026-01-02T09:31:02,NVDA,191.6947,433
2026-01-02T09:31:02,TSLA,253.8727,426
2026-01-02T09:31:02,AMD,153.6031,117
2026-01-02T09:31:02,AMZN,277.3707,202
2026-01-02T09:31:02,META,612.5373,824
2026-01-02T09:31:02,GOOGL,377.7187,725
2026-01-02T09:31:02,SPY,701.4879,501
2026-01-02T09:31:02,QQQ,685.7463,216
2026-01-02T09:31:03,AAPL,290.8143,284
2026-01-02T09:31:03,MSFT,412.4674,120
2026-01-02T09:31:03,NVDA,191.8340,706
2026-01-02T09:31:03,TSLA,253.5926,255
2026-01-02T09:31:03,AMD,153.3586,899
2026-01-02T09:31:03,AMZN,278.0547,159
2026-01-02T09:31:03,META,613.5182,753
2026-01-02T09:31:03,GOOGL,378.0629,515
2026-01-02T09:31:03,SPY,701.1743,669
2026-01-02T09:31:03,QQQ,684.8068,574
2026-01-02T09:31:04,AAPL,290.5096,336
2026-01-02T09:31:04,MSFT,412.6059,318
2026-01-02T09:31:04,NVDA,191.5972,658
2026-01-02T09:31:04,TSLA,253.6201,711
2026-01-02T09:31:04,AMD,153.4963,628
2026-01-02T09:31:04,AMZN,278.0554,423
2026-01-02T09:31:04,META,613.0678,548
2026-01-02T09:31:04,GOOGL,378.5077,314
2026-01-02T09:31:04,SPY,701.1374,492
2026-01-02T09:31:04,QQQ,685.5259,588
2026-01-02T09:31:05,AAPL,290.2988,777
2026-01-02T09:31:05,MSFT,413.5415,862
2026-01-02T09:31:05,NVDA,191.6027,391
2026-01-02T09:31:05,TSLA,253.8285,409
2026-01-02T09:31:05,AMD,153.5068,388
2026-01-02T09:31:05,AMZN,277.4504,530
2026-01-02T09:31:05,META,612.8485,708
2026-01-02T09:31:05,GOOGL,378.5701,378
2026-01-02T09:31:05,SPY,702.3921,123
2026-01-02T09:31:05,QQQ,685.7507,183
2026-01-02T09:31:06,AAPL,290.8923,548
2026-01-02T09:31:06,MSFT,412.7317,81
2026-01-02T09:31:06,NVDA,191.8923,792
2026-01-02T09:31:06,TSLA,253.6217,302
2026-01-02T09:31:06,AMD,153.4837,206
2026-01-02T09:31:06,AMZN,277.7513,610
2026-01-02T09:31:06,META,612.9430,149
2026-01-02T09:31:06,GOOGL,378.5152,390
2026-01-02T09:31:06,SPY,701.8674,211
2026-01-02T09:31:06,QQQ,685.5551,507
2026-01-02T09:31:07,AAPL,290.4825,95
2026-01-02T09:31:07,MSFT,413.4298,444
2026-01-02T09:31:07,NVDA,191.4776,516
2026-01-02T09:31:07,TSLA,253.8777,109
2026-01-02T09:31:07,AMD,153.7262,820
2026-01-02T09:31:07,AMZN,277.3836,865
2026-01-02T09:31:07,META,612.5641,523
2026-01-02T09:31:07,GOOGL,378.2975,735
2026-01-02T09:31:07,SPY,701.6341,623
2026-01-02T09:31:07,QQQ,684.0916,213
2026-01-02T09:31:08,AAPL,290.9877,781
2026-01-02T09:31:08,MSFT,412.9095,195
2026-01-02T09:31:08,NVDA,191.5145,777
2026-01-02T09:31:08,TSLA,253.9293,763
2026-01-02T09:31:08,AMD,153.6813,449
2026-01-02T09:31:08,AMZN,277.3407,154
2026-01-02T09:31:08,META,613.5542,744
2026-01-02T09:31:08,GOOGL,378.2059,295
2026-01-02T09:31:08,SPY,701.6235,442
2026-01-02T09:31:08,QQQ,685.6945,847
2026-01-02T09:31:09,AAPL,290.8907,788
2026-01-02T09:31:09,MSFT,413.1364,371
2026-01-02T09:31:09,NVDA,191.8897,724
2026-01-02T09:31:09,TSLA,253.6067,710
2026-01-02T09:31:09,AMD,153.3282,612
2026-01-02T09:31:09,AMZN,277.6946,162
2026-01-02T09:31:09,META,613.4527,151
2026-01-02T09:31:09,GOOGL,377.8043,274
2026-01-02T09:31:09,SPY,702.1649,83
2026-01-02T09:31:09,QQQ,684.3119,683
2026-01-02T09:31:10,AAPL,290.4125,870
2026-01-02T09:31:10,MSFT,413.2460,417
2026-01-02T09:31:10,NVDA,191.5249,421
2026-01-02T09:31:10,TSLA,253.9831,222
2026-01-02T09:31:10,AMD,153.6271,415
2026-01-02T09:31:10,AMZN,277.8446,188
2026-01-02T09:31:10,META,613.6361,211
2026-01-02T09:31:10,GOOGL,378.3480,176
2026-01-02T09:31:10,SPY,701.5302,681
2026-01-02T09:31:10,QQQ,684.8791,199
2026-01-02T09:31:11,AAPL,290.3927,795
2026-01-02T09:31:11,MSFT,412.6013,530
2026-01-02T09:31:11,NVDA,191.7090,875
2026-01-02T09:31:11,TSLA,253.5752,475
2026-01-02T09:31:11,AMD,153.4262,867
2026-01-02T09:31:11,AMZN,278.0262,542
2026-01-02T09:31:11,META,613.3619,630
2026-01-02T09:31:11,GOOGL,378.5068,655
2026-01-02T09:31:11,SPY,700.2890,232
2026-01-02T09:31:11,QQQ,685.5865,822
2026-01-02T09:31:12,AAPL,290.3855,873
2026-01-02T09:31:12,MSFT,413.2010,709
2026-01-02T09:31:12,NVDA,191.6652,340
2026-01-02T09:31:12,TSLA,253.7946,444
2026-01-02T09:31:12,AMD,153.5428,344
2026-01-02T09:31:12,AMZN,277.7768,499
2026-01-02T09:31:12,META,613.8458,752
2026-01-02T09:31:12,GOOGL,378.4565,410
2026-01-02T09:31:12,SPY,702.2009,650
2026-01-02T09:31:12,QQQ,684.0794,573
2026-01-02T09:31:13,AAPL,290.6435,761
2026-01-02T09:31:13,MSFT,413.0617,489
2026-01-02T09:31:13,NVDA,191.8434,862
2026-01-02T09:31:13,TSLA,253.7797,672
2026-01-02T09:31:13,AMD,153.3627,187
2026-01-02T09:31:13,AMZN,277.7494,845
2026-01-02T09:31:13,META,614.1232,233
2026-01-02T09:31:13,GOOGL,377.4543,323
2026-01-02T09:31:13,SPY,701.3688,722
2026-01-02T09:31:13,QQQ,683.9921,516
2026-01-02T09:31:14,AAPL,290.7978,169
2026-01-02T09:31:14,MSFT,413.3647,238
2026-01-02T09:31:14,NVDA,191.5387,221
2026-01-02T09:31:14,TSLA,253.8111,631
2026-01-02T09:31:14,AMD,153.3175,299
2026-01-02T09:31:14,AMZN,277.7520,197
2026-01-02T09:31:14,META,613.8894,772
2026-01-02T09:31:14,GOOGL,378.2851,720
2026-01-02T09:31:14,SPY,701.2888,163
2026-01-02T09:31:14,QQQ,683.7035,463
2026-01-02T09:31:15,AAPL,290.8923,274
2026-01-02T09:31:15,MSFT,413.5639,644
2026-01-02T09:31:15,NVDA,191.5139,366
2026-01-02T09:31:15,TSLA,254.1983,734
2026-01-02T09:31:15,AMD,153.5604,798
2026-01-02T09:31:15,AMZN,277.6507,163
2026-01-02T09:31:15,META,612.9963,410
2026-01-02T09:31:15,GOOGL,378.2486,756
2026-01-02T09:31:15,SPY,700.3698,275
2026-01-02T09:31:15,QQQ,684.3397,754
2026-01-02T09:31:16,AAPL,290.9889,718
2026-01-02T09:31:16,MSFT,413.4333,624
2026-01-02T09:31:16,NVDA,191.8394,818
2026-01-02T09:31:16,TSLA,253.8881,329
2026-01-02T09:31:16,AMD,153.5083,508
2026-01-02T09:31:16,AMZN,277.7232,716
2026-01-02T09:31:16,META,613.1787,648
2026-01-02T09:31:16,GOOGL,378.2951,537
2026-01-02T09:31:16,SPY,700.0469,428
2026-01-02T09:31:16,QQQ,684.3083,744
2026-01-02T09:31:17,AAPL,290.7347,668
2026-01-02T09:31:17,MSFT,413.2034,447
2026-01-02T09:31:17,NVDA,191.6812,436
2026-01-02T09:31:17,TSLA,253.7648,383
2026-01-02T09:31:17,AMD,153.5342,491
2026-01-02T09:31:17,AMZN,277.7405,212
2026-01-02T09:31:17,META,613.8873,272
2026-01-02T09:31:17,GOOGL,377.5173,737
2026-01-02T09:31:17,SPY,701.0384,631
2026-01-02T09:31:17,QQQ,684.3333,366
2026-01-02T09:31:18,AAPL,290.7318,898
2026-01-02T09:31:18,MSFT,412.8912,512
2026-01-02T09:31:18,NVDA,191.7435,85
2026-01-02T09:31:18,TSLA,253.9400,729
2026-01-02T09:31:18,AMD,153.5394,422
2026-01-02T09:31:18,AMZN,277.8091,848
2026-01-02T09:31:18,META,614.2222,839
2026-01-02T09:31:18,GOOGL,377.5963,188
2026-01-02T09:31:18,SPY,700.7461,428
2026-01-02T09:31:18,QQQ,685.2883,163
2026-01-02T09:31:19,AAPL,290.4416,239
2026-01-02T09:31:19,MSFT,412.9714,154
2026-01-02T09:31:19,NVDA,191.5300,457
2026-01-02T09:31:19,TSLA,253.5257,426
2026-01-02T09:31:19,AMD,153.2483,390
2026-01-02T09:31:19,AMZN,277.4517,386
2026-01-02T09:31:19,META,614.0255,529
2026-01-02T09:31:19,GOOGL,377.6851,746
2026-01-02T09:31:19,SPY,700.3798,814
2026-01-02T09:31:19,QQQ,684.2510,293
2026-01-02T09:32:20,AAPL,290.7159,846
2026-01-02T09:32:20,MSFT,413.6744,175
2026-01-02T09:32:20,NVDA,191.9529,526
2026-01-02T09:32:20,TSLA,253.5374,821
2026-01-02T09:32:20,AMD,153.4800,747
2026-01-02T09:32:20,AMZN,277.9677,171
2026-01-02T09:32:20,META,614.1373,574
2026-01-02T09:32:20,GOOGL,377.2858,611
2026-01-02T09:32:20,SPY,700.4594,205
2026-01-02T09:32:20,QQQ,683.9518,122
2026-01-02T09:32:21,AAPL,291.0680,135
2026-01-02T09:32:21,MSFT,412.6727,788
2026-01-02T09:32:21,NVDA,191.6863,879
2026-01-02T09:32:21,TSLA,253.9315,761
2026-01-02T09:32:21,AMD,153.3854,714
2026-01-02T09:32:21,AMZN,277.6482,437
2026-01-02T09:32:21,META,613.0630,687
2026-01-02T09:32:21,GOOGL,378.0220,806
2026-01-02T09:32:21,SPY,699.9634,659
2026-01-02T09:32:21,QQQ,685.0750,304
2026-01-02T09:32:22,AAPL,290.7301,701
2026-01-02T09:32:22,MSFT,413.1948,734
2026-01-02T09:32:22,NVDA,192.0426,854
2026-01-02T09:32:22,TSLA,253.9482,350
2026-01-02T09:32:22,AMD,153.2624,108
2026-01-02T09:32:22,AMZN,277.8906,100
2026-01-02T09:32:22,META,613.2139,367
2026-01-02T09:32:22,GOOGL,377.4944,427
2026-01-02T09:32:22,SPY,701.7537,197
2026-01-02T09:32:22,QQQ,683.6590,649
2026-01-02T09:32:23,AAPL,290.4898,452
2026-01-02T09:32:23,MSFT,413.6880,759
2026-01-02T09:32:23,NVDA,191.8653,869
2026-01-02T09:32:23,TSLA,253.8722,626
2026-01-02T09:32:23,AMD,153.3551,614
2026-01-02T09:32:23,AMZN,277.8388,499
2026-01-02T09:32:23,META,613.3981,605
2026-01-02T09:32:23,GOOGL,378.2616,302
2026-01-02T09:32:23,SPY,700.3321,254
2026-01-02T09:32:23,QQQ,684.8309,614
2026-01-02T09:32:24,AAPL,291.1643,586
2026-01-02T09:32:24,MSFT,413.7530,151
2026-01-02T09:32:24,NVDA,191.6580,728
2026-01-02T09:32:24,TSLA,253.9707,658
2026-01-02T09:32:24,AMD,153.6291,269
2026-01-02T09:32:24,AMZN,277.5508,150
2026-01-02T09:32:24,META,613.5837,111
2026-01-02T09:32:24,GOOGL,377.7080,99
2026-01-02T09:32:24,SPY,700.7208,165
2026-01-02T09:32:24,QQQ,684.2988,251
2026-01-02T09:32:25,AAPL,291.0427,359
2026-01-02T09:32:25,MSFT,412.7451,409
2026-01-02T09:32:25,NVDA,191.8490,211
2026-01-02T09:32:25,TSLA,253.9620,536
2026-01-02T09:32:25,AMD,153.3315,273
2026-01-02T09:32:25,AMZN,278.1702,699
2026-01-02T09:32:25,META,613.5551,366
2026-01-02T09:32:25,GOOGL,377.3047,889
2026-01-02T09:32:25,SPY,700.5454,739
2026-01-02T09:32:25,QQQ,684.7497,293
2026-01-02T09:32:26,AAPL,290.7073,611
2026-01-02T09:32:26,MSFT,413.7674,710
2026-01-02T09:32:26,NVDA,191.9984,717
2026-01-02T09:32:26,TSLA,253.9614,708
2026-01-02T09:32:26,AMD,153.1689,855
2026-01-02T09:32:26,AMZN,278.0831,257
2026-01-02T09:32:26,META,613.8761,548
2026-01-02T09:32:26,GOOGL,377.7187,727
2026-01-02T09:32:26,SPY,700.9259,708
2026-01-02T09:32:26,QQQ,684.1895,845
2026-01-02T09:32:27,AAPL,290.7920,848
2026-01-02T09:32:27,MSFT,413.3205,883
2026-01-02T09:32:27,NVDA,191.5792,516
2026-01-02T09:32:27,TSLA,253.8484,404
2026-01-02T09:32:27,AMD,153.4129,426
2026-01-02T09:32:27,AMZN,278.1819,629
2026-01-02T09:32:27,META,614.5493,346
2026-01-02T09:32:27,GOOGL,377.8080,347
2026-01-02T09:32:27,SPY,701.0268,672
2026-01-02T09:32:27,QQQ,684.0359,319
2026-01-02T09:32:28,AAPL,290.7078,146
2026-01-02T09:32:28,MSFT,412.8002,483
2026-01-02T09:32:28,NVDA,191.7561,127
2026-01-02T09:32:28,TSLA,254.2905,176
2026-01-02T09:32:28,AMD,153.5065,652
2026-01-02T09:32:28,AMZN,277.5308,708
2026-01-02T09:32:28,META,613.9806,409
2026-01-02T09:32:28,GOOGL,377.7286,549
2026-01-02T09:32:28,SPY,700.1039,406
2026-01-02T09:32:28,QQQ,684.1828,566
2026-01-02T09:32:29,AAPL,291.0168,310
2026-01-02T09:32:29,MSFT,413.0708,320
2026-01-02T09:32:29,NVDA,192.0571,347
2026-01-02T09:32:29,TSLA,254.1769,837
2026-01-02T09:32:29,AMD,153.4637,171
2026-01-02T09:32:29,AMZN,277.7819,600
2026-01-02T09:32:29,META,613.3023,784
2026-01-02T09:32:29,GOOGL,378.0944,759
2026-01-02T09:32:29,SPY,701.5071,566
2026-01-02T09:32:29,QQQ,684.9262,868
2026-01-02T09:32:30,AAPL,291.2716,817
2026-01-02T09:32:30,MSFT,413.9112,547
2026-01-02T09:32:30,NVDA,191.6191,583
2026-01-02T09:32:30,TSLA,254.2846,632
2026-01-02T09:32:30,AMD,153.4899,502
2026-01-02T09:32:30,AMZN,277.6529,176
2026-01-02T09:32:30,META,613.9415,108
2026-01-02T09:32:30,GOOGL,378.0514,114
2026-01-02T09:32:30,SPY,699.9732,694
2026-01-02T09:32:30,QQQ,685.2006,826
2026-01-02T09:32:31,AAPL,291.2457,816
2026-01-02T09:32:31,MSFT,413.2915,272
2026-01-02T09:32:31,NVDA,191.5628,395
2026-01-02T09:32:31,TSLA,254.0054,534
2026-01-02T09:32:31,AMD,153.4808,638
2026-01-02T09:32:31,AMZN,277.9800,811
2026-01-02T09:32:31,META,613.1578,130
2026-01-02T09:32:31,GOOGL,377.3286,173
2026-01-02T09:32:31,SPY,701.6463,311
2026-01-02T09:32:31,QQQ,685.1060,868
2026-01-02T09:32:32,AAPL,290.5696,528
2026-01-02T09:32:32,MSFT,413.1911,84
2026-01-02T09:32:32,NVDA,191.7770,808
2026-01-02T09:32:32,TSLA,254.0618,182
2026-01-02T09:32:32,AMD,153.2427,878
2026-01-02T09:32:32,AMZN,277.6826,634
2026-01-02T09:32:32,META,614.3420,84
2026-01-02T09:32:32,GOOGL,377.3431,437
2026-01-02T09:32:32,SPY,700.1729,564
2026-01-02T09:32:32,QQQ,683.5042,769
2026-01-02T09:32:33,AAPL,290.5624,145
2026-01-02T09:32:33,MSFT,413.5765,859
2026-01-02T09:32:33,NVDA,191.7261,211
2026-01-02T09:32:33,TSLA,254.3537,606
2026-01-02T09:32:33,AMD,153.3385,687
2026-01-02T09:32:33,AMZN,278.2123,827
2026-01-02T09:32:33,META,613.7543,829
2026-01-02T09:32:33,GOOGL,377.5830,139
2026-01-02T09:32:33,SPY,700.7071,599
2026-01-02T09:32:33,QQQ,684.2104,886
2026-01-02T09:32:34,AAPL,290.5611,251
2026-01-02T09:32:34,MSFT,413.2200,357
2026-01-02T09:32:34,NVDA,191.6122,799
2026-01-02T09:32:34,TSLA,254.3394,382
2026-01-02T09:32:34,AMD,153.4436,80
2026-01-02T09:32:34,AMZN,278.3728,799
2026-01-02T09:32:34,META,613.5368,652
2026-01-02T09:32:34,GOOGL,377.5374,662
2026-01-02T09:32:34,SPY,700.5236,892
2026-01-02T09:32:34,QQQ,683.2042,707
2026-01-02T09:32:35,AAPL,290.5821,577
2026-01-02T09:32:35,MSFT,413.3581,145
2026-01-02T09:32:35,NVDA,191.6632,322
2026-01-02T09:32:35,TSLA,253.6977,138
2026-01-02T09:32:35,AMD,153.3560,285
2026-01-02T09:32:35,AMZN,278.0954,249
2026-01-02T09:32:35,META,613.9386,99
2026-01-02T09:32:35,GOOGL,377.8185,281
2026-01-02T09:32:35,SPY,699.7417,85
2026-01-02T09:32:35,QQQ,683.4791,386
2026-01-02T09:32:36,AAPL,291.2404,519
2026-01-02T09:32:36,MSFT,413.0553,290
2026-01-02T09:32:36,NVDA,192.1131,328
2026-01-02T09:32:36,TSLA,254.3493,679
2026-01-02T09:32:36,AMD,153.5321,810
2026-01-02T09:32:36,AMZN,278.2551,608
2026-01-02T09:32:36,META,614.0397,184
2026-01-02T09:32:36,GOOGL,377.6798,172
2026-01-02T09:32:36,SPY,700.9346,89
2026-01-02T09:32:36,QQQ,683.4362,219
2026-01-02T09:32:37,AAPL,291.2051,683
2026-01-02T09:32:37,MSFT,413.3226,233
2026-01-02T09:32:37,NVDA,191.9443,744
2026-01-02T09:32:37,TSLA,253.8002,620
2026-01-02T09:32:37,AMD,153.1075,153
2026-01-02T09:32:37,AMZN,278.0901,128
2026-01-02T09:32:37,META,614.5786,332
2026-01-02T09:32:37,GOOGL,377.6962,774
2026-01-02T09:32:37,SPY,699.8000,361
2026-01-02T09:32:37,QQQ,684.6157,696
2026-01-02T09:32:38,AAPL,291.1732,357
2026-01-02T09:32:38,MSFT,413.5921,741
2026-01-02T09:32:38,NVDA,192.0962,338
2026-01-02T09:32:38,TSLA,254.2162,871
2026-01-02T09:32:38,AMD,153.5426,363
2026-01-02T09:32:38,AMZN,277.9989,362
2026-01-02T09:32:38,META,614.6511,530
2026-01-02T09:32:38,GOOGL,377.3009,98
2026-01-02T09:32:38,SPY,700.0599,871
2026-01-02T09:32:38,QQQ,684.8930,791
2026-01-02T09:32:39,AAPL,291.3738,747
2026-01-02T09:32:39,MSFT,413.1045,482
2026-01-02T09:32:39,NVDA,191.9385,742
2026-01-02T09:32:39,TSLA,253.8531,781
2026-01-02T09:32:39,AMD,153.5109,320
2026-01-02T09:32:39,AMZN,278.3771,845
2026-01-02T09:32:39,META,613.1599,548
2026-01-02T09:32:39,GOOGL,377.9113,750
2026-01-02T09:32:39,SPY,699.7542,855
2026-01-02T09:32:39,QQQ,684.8784,778
2026-01-02T09:32:40,AAPL,290.6674,561
2026-01-02T09:32:40,MSFT,413.5330,630
2026-01-02T09:32:40,NVDA,191.8463,300
2026-01-02T09:32:40,TSLA,253.8322,645
2026-01-02T09:32:40,AMD,153.3155,121
2026-01-02T09:32:40,AMZN,277.6085,168
2026-01-02T09:32:40,META,613.8363,309
2026-01-02T09:32:40,GOOGL,377.0497,831
2026-01-02T09:32:40,SPY,701.5355,738
2026-01-02T09:32:40,QQQ,684.3991,487
2026-01-02T09:32:41,AAPL,290.8819,766
2026-01-02T09:32:41,MSFT,413.0716,801
2026-01-02T09:32:41,NVDA,191.6658,828
2026-01-02T09:32:41,TSLA,254.3981,117
2026-01-02T09:32:41,AMD,153.3157,626
2026-01-02T09:32:41,AMZN,278.1957,765
2026-01-02T09:32:41,META,614.9801,115
2026-01-02T09:32:41,GOOGL,377.4084,592
2026-01-02T09:32:41,SPY,700.9374,391
2026-01-02T09:32:41,QQQ,684.9167,862
2026-01-02T09:32:42,AAPL,291.4268,286
2026-01-02T09:32:42,MSFT,412.8866,173
2026-01-02T09:32:42,NVDA,191.8586,725
2026-01-02T09:32:42,TSLA,254.3823,479
2026-01-02T09:32:42,AMD,153.5049,541
2026-01-02T09:32:42,AMZN,278.2065,539
2026-01-02T09:32:42,META,613.9197,562
2026-01-02T09:32:42,GOOGL,377.7121,605
2026-01-02T09:32:42,SPY,700.7280,330
2026-01-02T09:32:42,QQQ,683.0509,302
2026-01-02T09:32:43,AAPL,291.2790,440
2026-01-02T09:32:43,MSFT,412.9768,574
2026-01-02T09:32:43,NVDA,192.1661,307
2026-01-02T09:32:43,TSLA,254.2479,443
2026-01-02T09:32:43,AMD,153.1495,755
2026-01-02T09:32:43,AMZN,278.2607,559
2026-01-02T09:32:43,META,614.4542,180
2026-01-02T09:32:43,GOOGL,377.5735,358
2026-01-02T09:32:43,SPY,699.7532,817
2026-01-02T09:32:43,QQQ,684.9217,321
2026-01-02T09:32:44,AAPL,291.1361,808
2026-01-02T09:32:44,MSFT,413.5430,437
2026-01-02T09:32:44,NVDA,191.9130,711
2026-01-02T09:32:44,TSLA,253.8462,381
2026-01-02T09:32:44,AMD,153.3703,556
2026-01-02T09:32:44,AMZN,277.8514,721
2026-01-02T09:32:44,META,614.3712,484
2026-01-02T09:32:44,GOOGL,377.5724,307
2026-01-02T09:32:44,SPY,700.9982,621
2026-01-02T09:32:44,QQQ,684.3390,475
2026-01-02T09:32:45,AAPL,291.2443,142
2026-01-02T09:32:45,MSFT,414.1337,247
2026-01-02T09:32:45,NVDA,191.8126,788
2026-01-02T09:32:45,TSLA,253.9500,140
2026-01-02T09:32:45,AMD,153.0690,139
2026-01-02T09:32:45,AMZN,277.9785,320
2026-01-02T09:32:45,META,613.4028,716
2026-01-02T09:32:45,GOOGL,377.3049,659
2026-01-02T09:32:45,SPY,701.0642,100
2026-01-02T09:32:45,QQQ,684.7258,226
2026-01-02T09:32:46,AAPL,290.7249,642
2026-01-02T09:32:46,MSFT,413.3685,863
2026-01-02T09:32:46,NVDA,192.1292,584
2026-01-02T09:32:46,TSLA,253.7618,638
2026-01-02T09:32:46,AMD,153.2974,140
2026-01-02T09:32:46,AMZN,278.3116,424
2026-01-02T09:32:46,META,613.4519,356
2026-01-02T09:32:46,GOOGL,377.8505,588
2026-01-02T09:32:46,SPY,699.3468,561
2026-01-02T09:32:46,QQQ,684.3778,592
2026-01-02T09:32:47,AAPL,291.0598,633
2026-01-02T09:32:47,MSFT,413.3092,517
2026-01-02T09:32:47,NVDA,191.9859,701
2026-01-02T09:32:47,TSLA,254.0889,771
2026-01-02T09:32:47,AMD,153.3683,450
2026-01-02T09:32:47,AMZN,278.3008,742
2026-01-02T09:32:47,META,614.9305,719
2026-01-02T09:32:47,GOOGL,377.7735,652
2026-01-02T09:32:47,SPY,699.3359,659
2026-01-02T09:32:47,QQQ,684.2400,764
2026-01-02T09:32:48,AAPL,291.1373,615
2026-01-02T09:32:48,MSFT,413.7336,453
2026-01-02T09:32:48,NVDA,192.0819,663
2026-01-02T09:32:48,TSLA,253.9304,371
2026-01-02T09:32:48,AMD,153.3081,681
2026-01-02T09:32:48,AMZN,278.4953,93
2026-01-02T09:32:48,META,615.0457,419
2026-01-02T09:32:48,GOOGL,377.4453,684
2026-01-02T09:32:48,SPY,699.4052,866
2026-01-02T09:32:48,QQQ,684.8278,628
2026-01-02T09:32:49,AAPL,291.1344,722
2026-01-02T09:32:49,MSFT,414.0490,298
2026-01-02T09:32:49,NVDA,192.2447,429
2026-01-02T09:32:49,TSLA,254.2439,288
2026-01-02T09:32:49,AMD,153.3456,681
2026-01-02T09:32:49,AMZN,277.9103,313
2026-01-02T09:32:49,META,614.6455,319
2026-01-02T09:32:49,GOOGL,377.2012,282
2026-01-02T09:32:49,SPY,700.7047,584
2026-01-02T09:32:49,QQQ,684.5283,621
2026-01-02T09:32:50,AAPL,290.9091,378
2026-01-02T09:32:50,MSFT,414.1107,273
2026-01-02T09:32:50,NVDA,191.7614,783
2026-01-02T09:32:50,TSLA,253.8706,591
2026-01-02T09:32:50,AMD,153.3656,456
2026-01-02T09:32:50,AMZN,278.0898,849
2026-01-02T09:32:50,META,613.3954,880
2026-01-02T09:32:50,GOOGL,377.9892,766
2026-01-02T09:32:50,SPY,699.8858,583
2026-01-02T09:32:50,QQQ,684.8079,753
2026-01-02T09:32:51,AAPL,290.9256,672
2026-01-02T09:32:51,MSFT,413.0624,296
2026-01-02T09:32:51,NVDA,192.0404,721
2026-01-02T09:32:51,TSLA,254.1013,279
2026-01-02T09:32:51,AMD,153.1473,373
2026-01-02T09:32:51,AMZN,278.1149,783
2026-01-02T09:32:51,META,614.2002,641
2026-01-02T09:32:51,GOOGL,377.4951,614
2026-01-02T09:32:51,SPY,700.6458,121
2026-01-02T09:32:51,QQQ,684.7644,755
2026-01-02T09:32:52,AAPL,291.3083,674
2026-01-02T09:32:52,MSFT,413.0828,498
2026-01-02T09:32:52,NVDA,191.7595,217
2026-01-02T09:32:52,TSLA,254.2071,240
2026-01-02T09:32:52,AMD,153.4769,725
2026-01-02T09:32:52,AMZN,278.5453,854
2026-01-02T09:32:52,META,614.1885,654
2026-01-02T09:32:52,GOOGL,376.9141,216
2026-01-02T09:32:52,SPY,700.8724,832
2026-01-02T09:32:52,QQQ,684.2330,564
2026-01-02T09:32:53,AAPL,291.0850,274
2026-01-02T09:32:53,MSFT,413.8073,807
2026-01-02T09:32:53,NVDA,191.7361,555
2026-01-02T09:32:53,TSLA,253.9521,208
2026-01-02T09:32:53,AMD,153.3712,382
2026-01-02T09:32:53,AMZN,278.0156,875
2026-01-02T09:32:53,META,615.1308,185
2026-01-02T09:32:53,GOOGL,377.7163,359
2026-01-02T09:32:53,SPY,700.0655,424
2026-01-02T09:32:53,QQQ,684.4211,802
2026-01-02T09:32:54,AAPL,291.5053,399
2026-01-02T09:32:54,MSFT,413.2220,874
2026-01-02T09:32:54,NVDA,191.9284,465
2026-01-02T09:32:54,TSLA,254.2971,201
2026-01-02T09:32:54,AMD,153.4565,274
2026-01-02T09:32:54,AMZN,278.2679,886
2026-01-02T09:32:54,META,613.8104,675
2026-01-02T09:32:54,GOOGL,376.9668,737
2026-01-02T09:32:54,SPY,699.8722,347
2026-01-02T09:32:54,QQQ,683.7068,689
2026-01-02T09:32:55,AAPL,290.8347,459
2026-01-02T09:32:55,MSFT,413.7460,621
2026-01-02T09:32:55,NVDA,192.1067,151
2026-01-02T09:32:55,TSLA,253.8390,206
2026-01-02T09:32:55,AMD,153.2065,491
2026-01-02T09:32:55,AMZN,278.0563,815
2026-01-02T09:32:55,META,613.9946,722
2026-01-02T09:32:55,GOOGL,377.9303,414
2026-01-02T09:32:55,SPY,700.2563,734
2026-01-02T09:32:55,QQQ,684.5829,436
2026-01-02T09:32:56,AAPL,291.0201,707
2026-01-02T09:32:56,MSFT,413.9356,806
2026-01-02T09:32:56,NVDA,191.7689,792
2026-01-02T09:32:56,TSLA,254.3678,734
2026-01-02T09:32:56,AMD,153.2455,520
2026-01-02T09:32:56,AMZN,278.3233,498
2026-01-02T09:32:56,META,615.3133,228
2026-01-02T09:32:56,GOOGL,376.8674,484
2026-01-02T09:32:56,SPY,700.3280,173
2026-01-02T09:32:56,QQQ,683.8909,137
2026-01-02T09:32:57,AAPL,290.9867,884
2026-01-02T09:32:57,MSFT,413.7021,455
2026-01-02T09:32:57,NVDA,191.8474,364
2026-01-02T09:32:57,TSLA,254.1560,127
2026-01-02T09:32:57,AMD,153.1243,427
2026-01-02T09:32:57,AMZN,277.8068,723
2026-01-02T09:32:57,META,614.2632,112
2026-01-02T09:32:57,GOOGL,377.4583,650
2026-01-02T09:32:57,SPY,700.2749,302
2026-01-02T09:32:57,QQQ,683.3931,279
2026-01-02T09:32:58,AAPL,290.9407,716
2026-01-02T09:32:58,MSFT,413.4676,147
2026-01-02T09:32:58,NVDA,192.1385,639
2026-01-02T09:32:58,TSLA,254.5667,130
2026-01-02T09:32:58,AMD,153.1819,322
2026-01-02T09:32:58,AMZN,278.2561,712
2026-01-02T09:32:58,META,614.1815,386
2026-01-02T09:32:58,GOOGL,377.0838,800
2026-01-02T09:32:58,SPY,699.8770,874
2026-01-02T09:32:58,QQQ,684.0845,567
2026-01-02T09:32:59,AAPL,291.1495,830
2026-01-02T09:32:59,MSFT,413.2621,146
2026-01-02T09:32:59,NVDA,192.2935,458
2026-01-02T09:32:59,TSLA,253.9562,710
2026-01-02T09:32:59,AMD,153.4115,855
2026-01-02T09:32:59,AMZN,278.4360,241
2026-01-02T09:32:59,META,615.2804,609
2026-01-02T09:32:59,GOOGL,377.7391,789
2026-01-02T09:32:59,SPY,699.6842,465
2026-01-02T09:32:59,QQQ,684.0437,641
2026-01-02T09:32:00,AAPL,291.4863,391
2026-01-02T09:32:00,MSFT,413.3038,783
2026-01-02T09:32:00,NVDA,192.2524,806
2026-01-02T09:32:00,TSLA,254.5759,637
2026-01-02T09:32:00,AMD,153.2666,495
2026-01-02T09:32:00,AMZN,278.4359,233
2026-01-02T09:32:00,META,615.3458,472
2026-01-02T09:32:00,GOOGL,377.7302,779
2026-01-02T09:32:00,SPY,698.9404,827
2026-01-02T09:32:00,QQQ,683.7202,454
2026-01-02T09:32:01,AAPL,291.2233,329
2026-01-02T09:32:01,MSFT,414.0395,304
2026-01-02T09:32:01,NVDA,191.8266,242
2026-01-02T09:32:01,TSLA,254.3035,264
2026-01-02T09:32:01,AMD,153.2531,219
2026-01-02T09:32:01,AMZN,278.1770,641
2026-01-02T09:32:01,META,614.1030,422
2026-01-02T09:32:01,GOOGL,377.4449,565
2026-01-02T09:32:01,SPY,699.4849,278
2026-01-02T09:32:01,QQQ,684.1459,561
2026-01-02T09:32:02,AAPL,290.8858,535
2026-01-02T09:32:02,MSFT,413.1692,177
2026-01-02T09:32:02,NVDA,191.8249,726
2026-01-02T09:32:02,TSLA,254.3511,641
2026-01-02T09:32:02,AMD,153.1660,163
2026-01-02T09:32:02,AMZN,277.8868,418
2026-01-02T09:32:02,META,613.7549,796
2026-01-02T09:32:02,GOOGL,377.1546,226
2026-01-02T09:32:02,SPY,699.3074,307
2026-01-02T09:32:02,QQQ,683.9301,833
2026-01-02T09:32:03,AAPL,290.9593,412
2026-01-02T09:32:03,MSFT,413.9361,335
2026-01-02T09:32:03,NVDA,191.8124,800
2026-01-02T09:32:03,TSLA,254.0037,322
2026-01-02T09:32:03,AMD,153.2993,310
2026-01-02T09:32:03,AMZN,278.4977,694
2026-01-02T09:32:03,META,614.9034,219
2026-01-02T09:32:03,GOOGL,377.2349,221
2026-01-02T09:32:03,SPY,699.3971,737
2026-01-02T09:32:03,QQQ,682.5103,443
2026-01-02T09:32:04,AAPL,291.0135,110
2026-01-02T09:32:04,MSFT,413.5810,328
2026-01-02T09:32:04,NVDA,192.0878,646
2026-01-02T09:32:04,TSLA,253.9268,241
2026-01-02T09:32:04,AMD,153.2095,290
2026-01-02T09:32:04,AMZN,278.1358,398
2026-01-02T09:32:04,META,614.1864,325
2026-01-02T09:32:04,GOOGL,377.3550,211
2026-01-02T09:32:04,SPY,699.6741,847
2026-01-02T09:32:04,QQQ,682.8562,843
2026-01-02T09:32:05,AAPL,291.0593,209
2026-01-02T09:32:05,MSFT,413.7612,157
2026-01-02T09:32:05,NVDA,191.8012,680
2026-01-02T09:32:05,TSLA,254.2138,729
2026-01-02T09:32:05,AMD,153.2596,755
2026-01-02T09:32:05,AMZN,277.8926,213
2026-01-02T09:32:05,META,614.8599,880
2026-01-02T09:32:05,GOOGL,377.0655,886
2026-01-02T09:32:05,SPY,700.7166,854
2026-01-02T09:32:05,QQQ,683.0986,267
2026-01-02T09:32:06,AAPL,290.9016,491
2026-01-02T09:32:06,MSFT,414.0812,383
2026-01-02T09:32:06,NVDA,192.0742,620
2026-01-02T09:32:06,TSLA,254.1806,274
2026-01-02T09:32:06,AMD,153.2469,662
2026-01-02T09:32:06,AMZN,278.5906,837
2026-01-02T09:32:06,META,613.9715,208
2026-01-02T09:32:06,GOOGL,377.7740,119
2026-01-02T09:32:06,SPY,700.5099,352
2026-01-02T09:32:06,QQQ,683.5790,668
2026-01-02T09:32:07,AAPL,291.4120,438
2026-01-02T09:32:07,MSFT,414.3254,737
2026-01-02T09:32:07,NVDA,192.0189,143
2026-01-02T09:32:07,TSLA,254.1823,807
2026-01-02T09:32:07,AMD,152.9443,453
2026-01-02T09:32:07,AMZN,278.1260,899
2026-01-02T09:32:07,META,615.1169,696
2026-01-02T09:32:07,GOOGL,377.5357,404
2026-01-02T09:32:07,SPY,700.7221,238
2026-01-02T09:32:07,QQQ,683.7745,116
2026-01-02T09:32:08,AAPL,291.2169,767
2026-01-02T09:32:08,MSFT,414.2197,761
2026-01-02T09:32:08,NVDA,192.0993,798
2026-01-02T09:32:08,TSLA,254.1857,162
2026-01-02T09:32:08,AMD,153.0091,335
2026-01-02T09:32:08,AMZN,278.3211,140
2026-01-02T09:32:08,META,615.1683,821
2026-01-02T09:32:08,GOOGL,376.9130,545
2026-01-02T09:32:08,SPY,699.9527,241
2026-01-02T09:32:08,QQQ,683.4979,338
2026-01-02T09:32:09,AAPL,290.9931,837
2026-01-02T09:32:09,MSFT,413.8399,87
2026-01-02T09:32:09,NVDA,192.1682,81
2026-01-02T09:32:09,TSLA,254.3174,164
2026-01-02T09:32:09,AMD,152.9970,630
2026-01-02T09:32:09,AMZN,278.5919,82
2026-01-02T09:32:09,META,614.0572,404
2026-01-02T09:32:09,GOOGL,376.8323,200
2026-01-02T09:32:09,SPY,700.1059,888
2026-01-02T09:32:09,QQQ,684.2215,778
2026-01-02T09:32:10,AAPL,291.4627,260
2026-01-02T09:32:10,MSFT,413.4018,256
2026-01-02T09:32:10,NVDA,192.1280,225
2026-01-02T09:32:10,TSLA,254.3301,122
2026-01-02T09:32:10,AMD,153.1963,691
2026-01-02T09:32:10,AMZN,278.1643,747
2026-01-02T09:32:10,META,613.8152,258
2026-01-02T09:32:10,GOOGL,376.6208,276
2026-01-02T09:32:10,SPY,700.1794,656
2026-01-02T09:32:10,QQQ,683.0846,389
2026-01-02T09:32:11,AAPL,290.9033,628
2026-01-02T09:32:11,MSFT,413.7898,298
2026-01-02T09:32:11,NVDA,192.1012,146
2026-01-02T09:32:11,TSLA,254.0652,579
2026-01-02T09:32:11,AMD,153.2211,782
2026-01-02T09:32:11,AMZN,278.6803,609
2026-01-02T09:32:11,META,615.5551,477
2026-01-02T09:32:11,GOOGL,376.9562,193
2026-01-02T09:32:11,SPY,699.4900,82
2026-01-02T09:32:11,QQQ,684.1844,260
2026-01-02T09:32:12,AAPL,291.4472,204
2026-01-02T09:32:12,MSFT,414.3208,640
2026-01-02T09:32:12,NVDA,191.9882,723
2026-01-02T09:32:12,TSLA,254.3784,431
2026-01-02T09:32:12,AMD,153.1289,119
2026-01-02T09:32:12,AMZN,278.7264,737
2026-01-02T09:32:12,META,614.1098,296
2026-01-02T09:32:12,GOOGL,376.6477,451
2026-01-02T09:32:12,SPY,699.3606,763
2026-01-02T09:32:12,QQQ,684.1405,611
2026-01-02T09:32:13,AAPL,291.3995,352
2026-01-02T09:32:13,MSFT,413.5667,762
2026-01-02T09:32:13,NVDA,191.8901,609
2026-01-02T09:32:13,TSLA,254.6376,417
2026-01-02T09:32:13,AMD,153.2567,511
2026-01-02T09:32:13,AMZN,278.3640,139
2026-01-02T09:32:13,META,614.8358,760
2026-01-02T09:32:13,GOOGL,377.4343,444
2026-01-02T09:32:13,SPY,699.9711,219
2026-01-02T09:32:13,QQQ,682.3407,525
2026-01-02T09:32:14,AAPL,291.7191,213
2026-01-02T09:32:14,MSFT,414.0378,796
2026-01-02T09:32:14,NVDA,192.2320,329
2026-01-02T09:32:14,TSLA,254.6041,900
2026-01-02T09:32:14,AMD,152.9376,696
2026-01-02T09:32:14,AMZN,278.5746,859
2026-01-02T09:32:14,META,613.9475,616
2026-01-02T09:32:14,GOOGL,377.1624,269
2026-01-02T09:32:14,SPY,699.0433,674
2026-01-02T09:32:14,QQQ,682.9601,542
2026-01-02T09:32:15,AAPL,291.4745,272
2026-01-02T09:32:15,MSFT,413.4527,898
2026-01-02T09:32:15,NVDA,192.4040,597
2026-01-02T09:32:15,TSLA,254.4161,333
2026-01-02T09:32:15,AMD,153.0427,866
2026-01-02T09:32:15,AMZN,278.7479,443
2026-01-02T09:32:15,META,614.3929,330
2026-01-02T09:32:15,GOOGL,377.5422,360
2026-01-02T09:32:15,SPY,699.8729,685
2026-01-02T09:32:15,QQQ,683.5014,632
2026-01-02T09:32:16,AAPL,291.6641,655
2026-01-02T09:32:16,MSFT,413.3518,426
2026-01-02T09:32:16,NVDA,191.8855,472
2026-01-02T09:32:16,TSLA,254.3794,384
2026-01-02T09:32:16,AMD,152.9824,623
2026-01-02T09:32:16,AMZN,278.6662,749
2026-01-02T09:32:16,META,614.8558,159
2026-01-02T09:32:16,GOOGL,377.3412,817
2026-01-02T09:32:16,SPY,699.0485,325
2026-01-02T09:32:16,QQQ,682.9791,579
2026-01-02T09:32:17,AAPL,291.3080,432
2026-01-02T09:32:17,MSFT,413.6440,275
2026-01-02T09:32:17,NVDA,191.9889,306
2026-01-02T09:32:17,TSLA,254.3274,223
2026-01-02T09:32:17,AMD,153.0407,886
2026-01-02T09:32:17,AMZN,277.9855,317
2026-01-02T09:32:17,META,614.4353,807
2026-01-02T09:32:17,GOOGL,377.4581,558
2026-01-02T09:32:17,SPY,699.7705,292
2026-01-02T09:32:17,QQQ,684.0457,657
2026-01-02T09:32:18,AAPL,291.2068,89
2026-01-02T09:32:18,MSFT,413.4901,725
2026-01-02T09:32:18,NVDA,192.4269,892
2026-01-02T09:32:18,TSLA,254.7197,397
2026-01-02T09:32:18,AMD,153.0597,698
2026-01-02T09:32:18,AMZN,278.3682,160
2026-01-02T09:32:18,META,614.3504,757
2026-01-02T09:32:18,GOOGL,377.0059,621
2026-01-02T09:32:18,SPY,700.2509,379
2026-01-02T09:32:18,QQQ,683.7092,779
2026-01-02T09:32:19,AAPL,291.3903,232
2026-01-02T09:32:19,MSFT,414.2507,144
2026-01-02T09:32:19,NVDA,192.3093,751
2026-01-02T09:32:19,TSLA,254.4850,291
2026-01-02T09:32:19,AMD,152.9636,284
2026-01-02T09:32:19,AMZN,278.5128,199
2026-01-02T09:32:19,META,615.3714,712
2026-01-02T09:32:19,GOOGL,377.3652,883
2026-01-02T09:32:19,SPY,700.0703,572
2026-01-02T09:32:19,QQQ,683.6791,278
2026-01-02T09:32:20,AAPL,291.4086,382
2026-01-02T09:32:20,MSFT,413.6329,540
2026-01-02T09:32:20,NVDA,191.9802,644
2026-01-02T09:32:20,TSLA,254.5178,778
2026-01-02T09:32:20,AMD,152.8744,732
2026-01-02T09:32:20,AMZN,278.4625,127
2026-01-02T09:32:20,META,614.2368,121
2026-01-02T09:32:20,GOOGL,377.3518,745
2026-01-02T09:32:20,SPY,699.2473,317
2026-01-02T09:32:20,QQQ,682.3961,97
2026-01-02T09:32:21,AAPL,291.7183,119
2026-01-02T09:32:21,MSFT,414.6295,111
2026-01-02T09:32:21,NVDA,191.9225,216
2026-01-02T09:32:21,TSLA,254.7796,307
2026-01-02T09:32:21,AMD,153.0764,607
2026-01-02T09:32:21,AMZN,278.2130,230
2026-01-02T09:32:21,META,614.0484,427
2026-01-02T09:32:21,GOOGL,376.6633,219
2026-01-02T09:32:21,SPY,699.2130,664
2026-01-02T09:32:21,QQQ,682.0203,579
2026-01-02T09:32:22,AAPL,291.4833,211
2026-01-02T09:32:22,MSFT,414.2218,884
2026-01-02T09:32:22,NVDA,192.4704,215
2026-01-02T09:32:22,TSLA,254.7570,351
2026-01-02T09:32:22,AMD,152.9327,80
2026-01-02T09:32:22,AMZN,278.7118,543
2026-01-02T09:32:22,META,614.6881,498
2026-01-02T09:32:22,GOOGL,376.5211,599
2026-01-02T09:32:22,SPY,699.9792,638
2026-01-02T09:32:22,QQQ,683.3863,220
2026-01-02T09:32:23,AAPL,291.4179,699
2026-01-02T09:32:23,MSFT,414.5251,894
2026-01-02T09:32:23,NVDA,192.0596,379
2026-01-02T09:32:23,TSLA,254.4879,761
2026-01-02T09:32:23,AMD,153.3174,332
2026-01-02T09:32:23,AMZN,278.1689,667
2026-01-02T09:32:23,META,614.8178,645
2026-01-02T09:32:23,GOOGL,376.6564,240
2026-01-02T09:32:23,SPY,699.8638,215
2026-01-02T09:32:23,QQQ,683.2824,270
2026-01-02T09:32:24,AAPL,291.2311,669
2026-01-02T09:32:24,MSFT,414.3530,899
2026-01-02T09:32:24,NVDA,192.3549,691
2026-01-02T09:32:24,TSLA,254.4023,411
2026-01-02T09:32:24,AMD,152.8904,373
2026-01-02T09:32:24,AMZN,278.0841,445
