timestamp,symbol,price,volume
2026-01-02T09:30:00,AAPL,291.9309,592
2026-01-02T09:30:00,MSFT,381.3198,640
2026-01-02T09:30:00,NVDA,192.4294,350
2026-01-02T09:30:00,TSLA,273.2476,456
2026-01-02T09:30:00,AMD,159.3222,113
2026-01-02T09:30:00,AMZN,272.0631,880
2026-01-02T09:30:00,META,551.7067,109
2026-01-02T09:30:00,GOOGL,366.2299,601
2026-01-02T09:30:00,SPY,774.3581,630
2026-01-02T09:30:00,QQQ,662.1004,262
2026-01-02T09:30:01,AAPL,291.7214,328
2026-01-02T09:30:01,MSFT,381.1691,240
2026-01-02T09:30:01,NVDA,192.8371,874
2026-01-02T09:30:01,TSLA,273.6115,432
2026-01-02T09:30:01,AMD,159.3736,137
2026-01-02T09:30:01,AMZN,272.1730,84
2026-01-02T09:30:01,META,551.9172,239
2026-01-02T09:30:01,GOOGL,365.8798,121
2026-01-02T09:30:01,SPY,773.0164,898
2026-01-02T09:30:01,QQQ,661.0647,812
2026-01-02T09:30:02,AAPL,291.4669,777
2026-01-02T09:30:02,MSFT,380.9801,329
2026-01-02T09:30:02,NVDA,192.4593,467
2026-01-02T09:30:02,TSLA,273.9800,170
2026-01-02T09:30:02,AMD,159.3553,778
2026-01-02T09:30:02,AMZN,271.9078,181
2026-01-02T09:30:02,META,552.1382,522
2026-01-02T09:30:02,GOOGL,366.4683,845
2026-01-02T09:30:02,SPY,773.6289,812
2026-01-02T09:30:02,QQQ,661.2484,419
2026-01-02T09:30:03,AAPL,291.6665,621
2026-01-02T09:30:03,MSFT,380.5235,385
2026-01-02T09:30:03,NVDA,192.5966,387
2026-01-02T09:30:03,TSLA,273.8127,692
2026-01-02T09:30:03,AMD,159.3923,566
2026-01-02T09:30:03,AMZN,272.1308,828
2026-01-02T09:30:03,META,552.5040,681
2026-01-02T09:30:03,GOOGL,365.6695,458
2026-01-02T09:30:03,SPY,773.2353,605
2026-01-02T09:30:03,QQQ,661.0320,370
2026-01-02T09:30:04,AAPL,291.5434,645
2026-01-02T09:30:04,MSFT,380.5780,654
2026-01-02T09:30:04,NVDA,192.4672,542
2026-01-02T09:30:04,TSLA,273.8170,316
2026-01-02T09:30:04,AMD,159.5519,154
2026-01-02T09:30:04,AMZN,272.4729,437
2026-01-02T09:30:04,META,551.9503,223
2026-01-02T09:30:04,GOOGL,365.7141,463
2026-01-02T09:30:04,SPY,774.4740,463
2026-01-02T09:30:04,QQQ,662.4350,621
2026-01-02T09:30:05,AAPL,291.6099,850
2026-01-02T09:30:05,MSFT,380.4804,410
2026-01-02T09:30:05,NVDA,192.3568,227
2026-01-02T09:30:05,TSLA,273.8706,215
2026-01-02T09:30:05,AMD,159.6014,435
2026-01-02T09:30:05,AMZN,272.1545,81
2026-01-02T09:30:05,META,552.1642,182
2026-01-02T09:30:05,GOOGL,365.4737,92
2026-01-02T09:30:05,SPY,772.7235,684
2026-01-02T09:30:05,QQQ,661.8307,347
2026-01-02T09:30:06,AAPL,291.1367,611
2026-01-02T09:30:06,MSFT,380.8738,693
2026-01-02T09:30:06,NVDA,192.4678,322
2026-01-02T09:30:06,TSLA,273.9123,635
2026-01-02T09:30:06,AMD,159.5911,158
2026-01-02T09:30:06,AMZN,272.3276,382
2026-01-02T09:30:06,META,551.8148,832
2026-01-02T09:30:06,GOOGL,366.5328,865
2026-01-02T09:30:06,SPY,772.2199,522
2026-01-02T09:30:06,QQQ,660.8806,315
2026-01-02T09:30:07,AAPL,291.6762,611
2026-01-02T09:30:07,MSFT,381.0309,611
2026-01-02T09:30:07,NVDA,192.3851,689
2026-01-02T09:30:07,TSLA,273.1795,203
2026-01-02T09:30:07,AMD,159.3648,722
2026-01-02T09:30:07,AMZN,272.4763,361
2026-01-02T09:30:07,META,552.6643,206
2026-01-02T09:30:07,GOOGL,366.2359,703
2026-01-02T09:30:07,SPY,774.4899,850
2026-01-02T09:30:07,QQQ,661.5452,598
2026-01-02T09:30:08,AAPL,291.6668,347
2026-01-02T09:30:08,MSFT,380.4147,779
2026-01-02T09:30:08,NVDA,192.5000,421
2026-01-02T09:30:08,TSLA,273.6797,685
2026-01-02T09:30:08,AMD,159.2367,240
2026-01-02T09:30:08,AMZN,272.4528,241
2026-01-02T09:30:08,META,551.5454,568
2026-01-02T09:30:08,GOOGL,366.1860,562
2026-01-02T09:30:08,SPY,774.1156,420
2026-01-02T09:30:08,QQQ,661.6591,182
2026-01-02T09:30:09,AAPL,291.5558,209
2026-01-02T09:30:09,MSFT,380.8568,452
2026-01-02T09:30:09,NVDA,192.6014,649
2026-01-02T09:30:09,TSLA,273.8563,253
2026-01-02T09:30:09,AMD,159.3226,547
2026-01-02T09:30:09,AMZN,272.2430,690
2026-01-02T09:30:09,META,552.6458,280
2026-01-02T09:30:09,GOOGL,366.1293,742
2026-01-02T09:30:09,SPY,773.3906,288
2026-01-02T09:30:09,QQQ,660.7537,93
2026-01-02T09:30:10,AAPL,291.0632,413
2026-01-02T09:30:10,MSFT,381.0679,855
2026-01-02T09:30:10,NVDA,192.4312,529
2026-01-02T09:30:10,TSLA,273.3192,81
2026-01-02T09:30:10,AMD,159.6366,553
2026-01-02T09:30:10,AMZN,272.2196,538
2026-01-02T09:30:10,META,552.2400,174
2026-01-02T09:30:10,GOOGL,366.3904,105
2026-01-02T09:30:10,SPY,773.8016,81
2026-01-02T09:30:10,QQQ,662.3581,255
2026-01-02T09:30:11,AAPL,291.7041,183
2026-01-02T09:30:11,MSFT,380.0968,636
2026-01-02T09:30:11,NVDA,192.5336,645
2026-01-02T09:30:11,TSLA,273.4456,350
2026-01-02T09:30:11,AMD,159.3400,425
2026-01-02T09:30:11,AMZN,272.6006,333
2026-01-02T09:30:11,META,552.5935,246
2026-01-02T09:30:11,GOOGL,366.1179,768
2026-01-02T09:30:11,SPY,773.9841,560
2026-01-02T09:30:11,QQQ,661.0070,810
2026-01-02T09:30:12,AAPL,290.9476,567
2026-01-02T09:30:12,MSFT,380.1654,223
2026-01-02T09:30:12,NVDA,192.4232,380
2026-01-02T09:30:12,TSLA,273.4183,678
2026-01-02T09:30:12,AMD,159.6948,802
2026-01-02T09:30:12,AMZN,272.1000,485
2026-01-02T09:30:12,META,553.0033,637
2026-01-02T09:30:12,GOOGL,366.4588,661
2026-01-02T09:30:12,SPY,774.6365,392
2026-01-02T09:30:12,QQQ,662.5346,458
2026-01-02T09:30:13,AAPL,291.5234,876
2026-01-02T09:30:13,MSFT,380.3006,296
2026-01-02T09:30:13,NVDA,192.2649,438
2026-01-02T09:30:13,TSLA,273.4372,134
2026-01-02T09:30:13,AMD,159.3099,574
2026-01-02T09:30:13,AMZN,272.2541,615
2026-01-02T09:30:13,META,552.1851,342
2026-01-02T09:30:13,GOOGL,365.7207,314
2026-01-02T09:30:13,SPY,772.7280,538
2026-01-02T09:30:13,QQQ,661.2522,594
2026-01-02T09:30:14,AAPL,291.7598,324
2026-01-02T09:30:14,MSFT,380.1905,739
2026-01-02T09:30:14,NVDA,192.2698,214
2026-01-02T09:30:14,TSLA,273.3518,296
2026-01-02T09:30:14,AMD,159.6189,590
2026-01-02T09:30:14,AMZN,272.3169,521
2026-01-02T09:30:14,META,551.7778,199
2026-01-02T09:30:14,GOOGL,366.4152,286
2026-01-02T09:30:14,SPY,774.4625,881
2026-01-02T09:30:14,QQQ,662.4530,882
2026-01-02T09:30:15,AAPL,291.2042,172
2026-01-02T09:30:15,MSFT,380.2095,111
2026-01-02T09:30:15,NVDA,192.7247,643
2026-01-02T09:30:15,TSLA,273.2208,274
2026-01-02T09:30:15,AMD,159.5158,144
2026-01-02T09:30:15,AMZN,271.9299,616
2026-01-02T09:30:15,META,551.6585,574
2026-01-02T09:30:15,GOOGL,366.0476,791
2026-01-02T09:30:15,SPY,774.1700,650
2026-01-02T09:30:15,QQQ,661.2927,641
2026-01-02T09:30:16,AAPL,291.2853,838
2026-01-02T09:30:16,MSFT,380.3501,369
2026-01-02T09:30:16,NVDA,192.6580,714
2026-01-02T09:30:16,TSLA,273.8121,313
2026-01-02T09:30:16,AMD,159.4849,214
2026-01-02T09:30:16,AMZN,271.9528,322
2026-01-02T09:30:16,META,552.2977,665
2026-01-02T09:30:16,GOOGL,366.2136,852
2026-01-02T09:30:16,SPY,773.2495,370
2026-01-02T09:30:16,QQQ,662.5228,238
2026-01-02T09:30:17,AAPL,291.0385,104
2026-01-02T09:30:17,MSFT,380.9532,488
2026-01-02T09:30:17,NVDA,192.5872,558
2026-01-02T09:30:17,TSLA,273.8291,564
2026-01-02T09:30:17,AMD,159.7231,459
2026-01-02T09:30:17,AMZN,271.8730,663
2026-01-02T09:30:17,META,551.9604,873
2026-01-02T09:30:17,GOOGL,365.5978,726
2026-01-02T09:30:17,SPY,772.9008,115
2026-01-02T09:30:17,QQQ,661.1271,174
2026-01-02T09:30:18,AAPL,291.1763,224
2026-01-02T09:30:18,MSFT,380.0471,445
2026-01-02T09:30:18,NVDA,192.2504,402
2026-01-02T09:30:18,TSLA,273.3914,439
2026-01-02T09:30:18,AMD,159.5361,667
2026-01-02T09:30:18,AMZN,272.3459,563
2026-01-02T09:30:18,META,551.9550,294
2026-01-02T09:30:18,GOOGL,366.1725,624
2026-01-02T09:30:18,SPY,774.1790,187
2026-01-02T09:30:18,QQQ,662.4109,174
2026-01-02T09:30:19,AAPL,291.5157,727
2026-01-02T09:30:19,MSFT,380.6895,309
2026-01-02T09:30:19,NVDA,192.3730,421
2026-01-02T09:30:19,TSLA,273.2420,834
2026-01-02T09:30:19,AMD,159.4644,261
2026-01-02T09:30:19,AMZN,272.0536,520
2026-01-02T09:30:19,META,551.2742,486
2026-01-02T09:30:19,GOOGL,366.6117,725
2026-01-02T09:30:19,SPY,773.4724,650
2026-01-02T09:30:19,QQQ,661.7655,583
2026-01-02T09:30:20,AAPL,291.0860,352
2026-01-02T09:30:20,MSFT,381.0717,85
2026-01-02T09:30:20,NVDA,192.4968,539
2026-01-02T09:30:20,TSLA,273.3987,733
2026-01-02T09:30:20,AMD,159.5317,812
2026-01-02T09:30:20,AMZN,272.0004,308
2026-01-02T09:30:20,META,552.7422,443
2026-01-02T09:30:20,GOOGL,366.6241,685
2026-01-02T09:30:20,SPY,772.9423,149
2026-01-02T09:30:20,QQQ,661.2525,336
2026-01-02T09:30:21,AAPL,291.5013,425
2026-01-02T09:30:21,MSFT,380.0222,722
2026-01-02T09:30:21,NVDA,192.4476,799
2026-01-02T09:30:21,TSLA,273.0221,254
2026-01-02T09:30:21,AMD,159.6629,580
2026-01-02T09:30:21,AMZN,272.1048,861
2026-01-02T09:30:21,META,552.1728,387
2026-01-02T09:30:21,GOOGL,366.0255,749
2026-01-02T09:30:21,SPY,773.9750,246
2026-01-02T09:30:21,QQQ,661.8361,882
2026-01-02T09:30:22,AAPL,291.4115,490
2026-01-02T09:30:22,MSFT,380.8410,768
2026-01-02T09:30:22,NVDA,192.7221,403
2026-01-02T09:30:22,TSLA,273.7066,88
2026-01-02T09:30:22,AMD,159.6009,438
2026-01-02T09:30:22,AMZN,271.8915,428
2026-01-02T09:30:22,META,551.7281,391
2026-01-02T09:30:22,GOOGL,366.7166,551
2026-01-02T09:30:22,SPY,773.3341,243
2026-01-02T09:30:22,QQQ,661.6304,176
2026-01-02T09:30:23,AAPL,291.5269,325
2026-01-02T09:30:23,MSFT,380.7031,468
2026-01-02T09:30:23,NVDA,192.2844,148
2026-01-02T09:30:23,TSLA,273.6919,238
2026-01-02T09:30:23,AMD,159.5056,217
2026-01-02T09:30:23,AMZN,272.3730,711
2026-01-02T09:30:23,META,552.7337,475
2026-01-02T09:30:23,GOOGL,366.4450,323
2026-01-02T09:30:23,SPY,772.7129,838
2026-01-02T09:30:23,QQQ,661.6107,616
2026-01-02T09:30:24,AAPL,291.1241,719
2026-01-02T09:30:24,MSFT,380.5524,675
2026-01-02T09:30:24,NVDA,192.5375,642
2026-01-02T09:30:24,TSLA,273.1996,580
2026-01-02T09:30:24,AMD,159.7229,150
2026-01-02T09:30:24,AMZN,272.1639,176
2026-01-02T09:30:24,META,551.2603,110
2026-01-02T09:30:24,GOOGL,365.7226,466
2026-01-02T09:30:24,SPY,773.6415,814
2026-01-02T09:30:24,QQQ,662.6879,730
2026-01-02T09:30:25,AAPL,291.4660,851
2026-01-02T09:30:25,MSFT,379.9533,544
2026-01-02T09:30:25,NVDA,192.3792,547
2026-01-02T09:30:25,TSLA,273.4891,581
2026-01-02T09:30:25,AMD,159.3982,673
2026-01-02T09:30:25,AMZN,272.3913,769
2026-01-02T09:30:25,META,551.3672,266
2026-01-02T09:30:25,GOOGL,366.3059,134
2026-01-02T09:30:25,SPY,773.2045,467
2026-01-02T09:30:25,QQQ,661.4713,249
2026-01-02T09:30:26,AAPL,291.4950,872
2026-01-02T09:30:26,MSFT,380.5218,397
2026-01-02T09:30:26,NVDA,192.6019,573
2026-01-02T09:30:26,TSLA,273.4079,668
2026-01-02T09:30:26,AMD,159.7135,164
2026-01-02T09:30:26,AMZN,272.3492,599
2026-01-02T09:30:26,META,551.6894,823
2026-01-02T09:30:26,GOOGL,366.4067,665
2026-01-02T09:30:26,SPY,774.4886,786
2026-01-02T09:30:26,QQQ,661.6146,791
2026-01-02T09:30:27,AAPL,291.3438,244
2026-01-02T09:30:27,MSFT,380.0504,323
2026-01-02T09:30:27,NVDA,192.6555,110
2026-01-02T09:30:27,TSLA,273.2554,314
2026-01-02T09:30:27,AMD,159.5576,142
2026-01-02T09:30:27,AMZN,272.2009,389
2026-01-02T09:30:27,META,552.4788,184
2026-01-02T09:30:27,GOOGL,366.4607,316
2026-01-02T09:30:27,SPY,774.4652,197
2026-01-02T09:30:27,QQQ,662.1691,259
2026-01-02T09:30:28,AAPL,291.2864,670
2026-01-02T09:30:28,MSFT,380.0914,141
2026-01-02T09:30:28,NVDA,192.2797,343
2026-01-02T09:30:28,TSLA,272.9504,281
2026-01-02T09:30:28,AMD,159.6248,187
2026-01-02T09:30:28,AMZN,272.4374,267
2026-01-02T09:30:28,META,552.5163,734
2026-01-02T09:30:28,GOOGL,365.9294,451
2026-01-02T09:30:28,SPY,775.0409,763
2026-01-02T09:30:28,QQQ,661.3782,799
2026-01-02T09:30:29,AAPL,291.4925,662
2026-01-02T09:30:29,MSFT,380.7991,373
2026-01-02T09:30:29,NVDA,192.3273,520
2026-01-02T09:30:29,TSLA,273.4143,438
2026-01-02T09:30:29,AMD,159.7348,877
2026-01-02T09:30:29,AMZN,272.0282,847
2026-01-02T09:30:29,META,551.3041,404
2026-01-02T09:30:29,GOOGL,366.3654,667
2026-01-02T09:30:29,SPY,774.3850,561
2026-01-02T09:30:29,QQQ,661.3493,200
2026-01-02T09:30:30,AAPL,291.2183,594
2026-01-02T09:30:30,MSFT,380.9640,392
2026-01-02T09:30:30,NVDA,192.4262,605
2026-01-02T09:30:30,TSLA,273.1132,436
2026-01-02T09:30:30,AMD,159.3842,835
2026-01-02T09:30:30,AMZN,271.9387,895
2026-01-02T09:30:30,META,551.3243,149
2026-01-02T09:30:30,GOOGL,365.7619,365
2026-01-02T09:30:30,SPY,774.4740,384
2026-01-02T09:30:30,QQQ,662.7032,565
2026-01-02T09:30:31,AAPL,290.8847,469
2026-01-02T09:30:31,MSFT,380.5191,895
2026-01-02T09:30:31,NVDA,192.6797,761
2026-01-02T09:30:31,TSLA,273.3618,680
2026-01-02T09:30:31,AMD,159.6525,827
2026-01-02T09:30:31,AMZN,272.3814,393
2026-01-02T09:30:31,META,552.2873,876
2026-01-02T09:30:31,GOOGL,366.5546,223
2026-01-02T09:30:31,SPY,773.1434,100
2026-01-02T09:30:31,QQQ,662.6553,804
2026-01-02T09:30:32,AAPL,291.2083,270
2026-01-02T09:30:32,MSFT,380.4898,487
2026-01-02T09:30:32,NVDA,192.5646,572
2026-01-02T09:30:32,TSLA,272.9877,217
2026-01-02T09:30:32,AMD,159.5479,85
2026-01-02T09:30:32,AMZN,272.3932,279
2026-01-02T09:30:32,META,552.4587,706
2026-01-02T09:30:32,GOOGL,366.7623,797
2026-01-02T09:30:32,SPY,773.7635,266
2026-01-02T09:30:32,QQQ,662.3014,774
2026-01-02T09:30:33,AAPL,291.2693,758
2026-01-02T09:30:33,MSFT,380.5225,554
2026-01-02T09:30:33,NVDA,192.5449,169
2026-01-02T09:30:33,TSLA,273.2931,717
2026-01-02T09:30:33,AMD,159.8100,332
2026-01-02T09:30:33,AMZN,271.8682,151
2026-01-02T09:30:33,META,552.2462,294
2026-01-02T09:30:33,GOOGL,366.2655,632
2026-01-02T09:30:33,SPY,775.1730,223
2026-01-02T09:30:33,QQQ,662.0688,369
2026-01-02T09:30:34,AAPL,291.0426,672
2026-01-02T09:30:34,MSFT,380.1590,598
2026-01-02T09:30:34,NVDA,192.2485,170
2026-01-02T09:30:34,TSLA,273.4999,465
2026-01-02T09:30:34,AMD,159.6780,475
2026-01-02T09:30:34,AMZN,271.9096,663
2026-01-02T09:30:34,META,552.1062,442
2026-01-02T09:30:34,GOOGL,366.0384,629
2026-01-02T09:30:34,SPY,774.8808,878
2026-01-02T09:30:34,QQQ,662.0921,422
2026-01-02T09:30:35,AAPL,291.1361,272
2026-01-02T09:30:35,MSFT,380.2381,712
2026-01-02T09:30:35,NVDA,192.5981,832
2026-01-02T09:30:35,TSLA,273.3756,515
2026-01-02T09:30:35,AMD,159.5665,849
2026-01-02T09:30:35,AMZN,271.6893,254
2026-01-02T09:30:35,META,551.0131,343
2026-01-02T09:30:35,GOOGL,366.8363,761
2026-01-02T09:30:35,SPY,775.1670,198
2026-01-02T09:30:35,QQQ,662.0487,162
2026-01-02T09:30:36,AAPL,291.4267,674
2026-01-02T09:30:36,MSFT,379.8145,593
2026-01-02T09:30:36,NVDA,192.5956,850
2026-01-02T09:30:36,TSLA,273.6352,898
2026-01-02T09:30:36,AMD,159.6284,207
2026-01-02T09:30:36,AMZN,271.6109,365
2026-01-02T09:30:36,META,551.9031,339
2026-01-02T09:30:36,GOOGL,366.0981,296
2026-01-02T09:30:36,SPY,774.5826,460
2026-01-02T09:30:36,QQQ,662.8882,564
2026-01-02T09:30:37,AAPL,291.1891,156
2026-01-02T09:30:37,MSFT,380.4504,170
2026-01-02T09:30:37,NVDA,192.4775,501
2026-01-02T09:30:37,TSLA,273.2470,122
2026-01-02T09:30:37,AMD,159.7812,727
2026-01-02T09:30:37,AMZN,272.3348,243
2026-01-02T09:30:37,META,552.0198,406
2026-01-02T09:30:37,GOOGL,366.0771,573
2026-01-02T09:30:37,SPY,774.4043,206
2026-01-02T09:30:37,QQQ,661.4950,520
2026-01-02T09:30:38,AAPL,290.9447,873
2026-01-02T09:30:38,MSFT,380.3298,315
2026-01-02T09:30:38,NVDA,192.2818,446
2026-01-02T09:30:38,TSLA,273.0231,625
2026-01-02T09:30:38,AMD,159.6025,582
2026-01-02T09:30:38,AMZN,272.0194,509
2026-01-02T09:30:38,META,552.1619,204
2026-01-02T09:30:38,GOOGL,366.5321,414
2026-01-02T09:30:38,SPY,773.3914,528
2026-01-02T09:30:38,QQQ,663.0300,800
2026-01-02T09:30:39,AAPL,291.5412,869
2026-01-02T09:30:39,MSFT,380.6697,514
2026-01-02T09:30:39,NVDA,192.4938,825
2026-01-02T09:30:39,TSLA,273.4470,388
2026-01-02T09:30:39,AMD,159.6804,434
2026-01-02T09:30:39,AMZN,271.5840,569
2026-01-02T09:30:39,META,552.3757,338
2026-01-02T09:30:39,GOOGL,366.9387,95
2026-01-02T09:30:39,SPY,775.4206,507
2026-01-02T09:30:39,QQQ,663.0329,535
2026-01-02T09:30:40,AAPL,291.4862,133
2026-01-02T09:30:40,MSFT,379.9512,628
2026-01-02T09:30:40,NVDA,192.1865,551
2026-01-02T09:30:40,TSLA,273.5033,362
2026-01-02T09:30:40,AMD,159.6080,459
2026-01-02T09:30:40,AMZN,272.2099,510
2026-01-02T09:30:40,META,551.1471,724
2026-01-02T09:30:40,GOOGL,366.7832,213
2026-01-02T09:30:40,SPY,775.1873,495
2026-01-02T09:30:40,QQQ,662.1513,678
2026-01-02T09:30:41,AAPL,291.1442,390
2026-01-02T09:30:41,MSFT,380.4760,851
2026-01-02T09:30:41,NVDA,192.5700,780
2026-01-02T09:30:41,TSLA,273.3318,635
2026-01-02T09:30:41,AMD,159.8929,134
2026-01-02T09:30:41,AMZN,271.7315,364
2026-01-02T09:30:41,META,552.0284,467
2026-01-02T09:30:41,GOOGL,366.8960,273
2026-01-02T09:30:41,SPY,774.3981,265
2026-01-02T09:30:41,QQQ,662.9582,647
2026-01-02T09:30:42,AAPL,290.8647,548
2026-01-02T09:30:42,MSFT,380.0263,443
2026-01-02T09:30:42,NVDA,192.4595,838
2026-01-02T09:30:42,TSLA,272.9594,86
2026-01-02T09:30:42,AMD,159.8733,708
2026-01-02T09:30:42,AMZN,271.7269,324
2026-01-02T09:30:42,META,550.7827,482
2026-01-02T09:30:42,GOOGL,366.0596,849
2026-01-02T09:30:42,SPY,774.0470,427
2026-01-02T09:30:42,QQQ,662.6890,627
2026-01-02T09:30:43,AAPL,291.3325,689
2026-01-02T09:30:43,MSFT,380.1483,452
2026-01-02T09:30:43,NVDA,192.4401,556
2026-01-02T09:30:43,TSLA,272.9871,529
2026-01-02T09:30:43,AMD,159.6854,384
2026-01-02T09:30:43,AMZN,271.8089,808
2026-01-02T09:30:43,META,551.4219,164
2026-01-02T09:30:43,GOOGL,366.2466,164
2026-01-02T09:30:43,SPY,773.9929,827
2026-01-02T09:30:43,QQQ,662.3324,385
2026-01-02T09:30:44,AAPL,291.4471,802
2026-01-02T09:30:44,MSFT,379.7020,288
2026-01-02T09:30:44,NVDA,192.1259,697
2026-01-02T09:30:44,TSLA,273.2908,631
2026-01-02T09:30:44,AMD,159.5563,108
2026-01-02T09:30:44,AMZN,272.1628,589
2026-01-02T09:30:44,META,551.2312,321
2026-01-02T09:30:44,GOOGL,365.9701,814
2026-01-02T09:30:44,SPY,774.7301,613
2026-01-02T09:30:44,QQQ,663.0754,886
2026-01-02T09:30:45,AAPL,291.0967,311
2026-01-02T09:30:45,MSFT,380.6586,774
2026-01-02T09:30:45,NVDA,192.1050,104
2026-01-02T09:30:45,TSLA,272.8604,143
2026-01-02T09:30:45,AMD,159.4503,873
2026-01-02T09:30:45,AMZN,271.9429,661
2026-01-02T09:30:45,META,551.5021,666
2026-01-02T09:30:45,GOOGL,366.6954,622
2026-01-02T09:30:45,SPY,773.8927,381
2026-01-02T09:30:45,QQQ,662.2507,193
2026-01-02T09:30:46,AAPL,291.2913,489
2026-01-02T09:30:46,MSFT,380.0857,146
2026-01-02T09:30:46,NVDA,192.5164,121
2026-01-02T09:30:46,TSLA,273.2887,445
2026-01-02T09:30:46,AMD,159.5881,352
2026-01-02T09:30:46,AMZN,272.1454,123
2026-01-02T09:30:46,META,552.0614,172
2026-01-02T09:30:46,GOOGL,366.7301,274
2026-01-02T09:30:46,SPY,774.3001,575
2026-01-02T09:30:46,QQQ,662.3918,499
2026-01-02T09:30:47,AAPL,290.9508,540
2026-01-02T09:30:47,MSFT,379.8119,303
2026-01-02T09:30:47,NVDA,192.5349,820
2026-01-02T09:30:47,TSLA,272.8149,833
2026-01-02T09:30:47,AMD,159.7273,742
2026-01-02T09:30:47,AMZN,271.8996,882
2026-01-02T09:30:47,META,550.8557,845
2026-01-02T09:30:47,GOOGL,366.8161,397
2026-01-02T09:30:47,SPY,773.4302,827
2026-01-02T09:30:47,QQQ,661.7908,150
2026-01-02T09:30:48,AAPL,291.2446,548
2026-01-02T09:30:48,MSFT,380.5234,136
2026-01-02T09:30:48,NVDA,192.1611,244
2026-01-02T09:30:48,TSLA,273.0170,556
2026-01-02T09:30:48,AMD,159.9306,778
2026-01-02T09:30:48,AMZN,271.8418,844
2026-01-02T09:30:48,META,551.7032,242
2026-01-02T09:30:48,GOOGL,366.3390,453
2026-01-02T09:30:48,SPY,773.3978,821
2026-01-02T09:30:48,QQQ,662.3514,274
2026-01-02T09:30:49,AAPL,290.9457,750
2026-01-02T09:30:49,MSFT,379.8795,94
2026-01-02T09:30:49,NVDA,192.2376,232
2026-01-02T09:30:49,TSLA,273.2040,158
2026-01-02T09:30:49,AMD,159.8559,249
2026-01-02T09:30:49,AMZN,272.0439,580
2026-01-02T09:30:49,META,551.6405,189
2026-01-02T09:30:49,GOOGL,366.0240,400
2026-01-02T09:30:49,SPY,773.4653,214
2026-01-02T09:30:49,QQQ,663.3244,864
2026-01-02T09:30:50,AAPL,290.6785,285
2026-01-02T09:30:50,MSFT,380.0062,181
2026-01-02T09:30:50,NVDA,192.2467,347
2026-01-02T09:30:50,TSLA,273.5128,641
2026-01-02T09:30:50,AMD,159.5654,740
2026-01-02T09:30:50,AMZN,271.4598,108
2026-01-02T09:30:50,META,551.7420,108
2026-01-02T09:30:50,GOOGL,366.0509,486
2026-01-02T09:30:50,SPY,774.0134,802
2026-01-02T09:30:50,QQQ,662.7266,762
2026-01-02T09:30:51,AAPL,290.5956,350
2026-01-02T09:30:51,MSFT,379.7611,652
2026-01-02T09:30:51,NVDA,192.1976,830
2026-01-02T09:30:51,TSLA,272.9377,449
2026-01-02T09:30:51,AMD,159.8322,486
2026-01-02T09:30:51,AMZN,272.0697,134
2026-01-02T09:30:51,META,552.0425,410
2026-01-02T09:30:51,GOOGL,366.3682,252
2026-01-02T09:30:51,SPY,774.2939,600
2026-01-02T09:30:51,QQQ,663.1316,448
2026-01-02T09:30:52,AAPL,290.6887,857
2026-01-02T09:30:52,MSFT,380.4415,102
2026-01-02T09:30:52,NVDA,192.2914,299
2026-01-02T09:30:52,TSLA,273.1977,879
2026-01-02T09:30:52,AMD,159.5899,764
2026-01-02T09:30:52,AMZN,271.6542,708
2026-01-02T09:30:52,META,551.3786,142
2026-01-02T09:30:52,GOOGL,366.5795,217
2026-01-02T09:30:52,SPY,775.5166,798
2026-01-02T09:30:52,QQQ,662.6026,429
2026-01-02T09:30:53,AAPL,290.7617,625
2026-01-02T09:30:53,MSFT,379.6082,362
2026-01-02T09:30:53,NVDA,192.2426,303
2026-01-02T09:30:53,TSLA,272.7934,660
2026-01-02T09:30:53,AMD,159.8957,804
2026-01-02T09:30:53,AMZN,272.0739,510
2026-01-02T09:30:53,META,551.8907,714
2026-01-02T09:30:53,GOOGL,366.1122,387
2026-01-02T09:30:53,SPY,774.7978,887
2026-01-02T09:30:53,QQQ,662.1548,775
2026-01-02T09:30:54,AAPL,290.9840,729
2026-01-02T09:30:54,MSFT,380.6245,823
2026-01-02T09:30:54,NVDA,192.1698,194
2026-01-02T09:30:54,TSLA,272.8665,263
2026-01-02T09:30:54,AMD,159.8951,234
2026-01-02T09:30:54,AMZN,271.4127,155
2026-01-02T09:30:54,META,551.0536,249
2026-01-02T09:30:54,GOOGL,366.6129,315
2026-01-02T09:30:54,SPY,775.0219,618
2026-01-02T09:30:54,QQQ,662.4216,549
2026-01-02T09:30:55,AAPL,291.2534,517
2026-01-02T09:30:55,MSFT,379.5065,597
2026-01-02T09:30:55,NVDA,191.9947,365
2026-01-02T09:30:55,TSLA,273.2867,752
2026-01-02T09:30:55,AMD,159.9590,275
2026-01-02T09:30:55,AMZN,271.5043,299
2026-01-02T09:30:55,META,550.8681,641
2026-01-02T09:30:55,GOOGL,366.2552,220
2026-01-02T09:30:55,SPY,774.8858,207
2026-01-02T09:30:55,QQQ,663.4293,367
2026-01-02T09:30:56,AAPL,290.9410,96
2026-01-02T09:30:56,MSFT,379.6002,288
2026-01-02T09:30:56,NVDA,192.5233,577
2026-01-02T09:30:56,TSLA,273.2112,748
2026-01-02T09:30:56,AMD,159.7785,605
2026-01-02T09:30:56,AMZN,271.7672,342
2026-01-02T09:30:56,META,551.0592,883
2026-01-02T09:30:56,GOOGL,366.2647,694
2026-01-02T09:30:56,SPY,774.6712,598
2026-01-02T09:30:56,QQQ,662.5064,273
2026-01-02T09:30:57,AAPL,291.0103,214
2026-01-02T09:30:57,MSFT,379.5779,767
2026-01-02T09:30:57,NVDA,192.2257,229
2026-01-02T09:30:57,TSLA,273.3714,253
2026-01-02T09:30:57,AMD,159.7242,677
2026-01-02T09:30:57,AMZN,271.5734,708
2026-01-02T09:30:57,META,550.8851,302
2026-01-02T09:30:57,GOOGL,366.7436,745
2026-01-02T09:30:57,SPY,774.1744,460
2026-01-02T09:30:57,QQQ,663.5618,558
2026-01-02T09:30:58,AAPL,291.0728,538
2026-01-02T09:30:58,MSFT,379.5021,672
2026-01-02T09:30:58,NVDA,192.4533,697
2026-01-02T09:30:58,TSLA,273.0812,637
2026-01-02T09:30:58,AMD,159.8856,558
2026-01-02T09:30:58,AMZN,271.8446,288
2026-01-02T09:30:58,META,552.0509,190
2026-01-02T09:30:58,GOOGL,366.6929,466
2026-01-02T09:30:58,SPY,774.5305,503
2026-01-02T09:30:58,QQQ,663.5426,725
2026-01-02T09:30:59,AAPL,291.1118,560
2026-01-02T09:30:59,MSFT,379.8178,374
2026-01-02T09:30:59,NVDA,191.9870,300
2026-01-02T09:30:59,TSLA,273.1933,759
2026-01-02T09:30:59,AMD,159.8885,145
2026-01-02T09:30:59,AMZN,272.0806,513
2026-01-02T09:30:59,META,551.5953,801
2026-01-02T09:30:59,GOOGL,366.7661,98
2026-01-02T09:30:59,SPY,775.7296,779
2026-01-02T09:30:59,QQQ,663.7072,387
2026-01-02T09:30:00,AAPL,290.8065,807
2026-01-02T09:30:00,MSFT,379.5001,552
2026-01-02T09:30:00,NVDA,192.3205,822
2026-01-02T09:30:00,TSLA,272.9779,604
2026-01-02T09:30:00,AMD,159.6493,194
2026-01-02T09:30:00,AMZN,272.1133,836
2026-01-02T09:30:00,META,552.0336,560
2026-01-02T09:30:00,GOOGL,366.2466,596
2026-01-02T09:30:00,SPY,775.6262,510
2026-01-02T09:30:00,QQQ,662.8231,340
2026-01-02T09:30:01,AAPL,290.5513,637
2026-01-02T09:30:01,MSFT,380.1348,456
2026-01-02T09:30:01,NVDA,192.3897,474
2026-01-02T09:30:01,TSLA,273.3740,136
2026-01-02T09:30:01,AMD,159.6895,371
2026-01-02T09:30:01,AMZN,272.0918,613
2026-01-02T09:30:01,META,551.8520,288
2026-01-02T09:30:01,GOOGL,367.0877,235
2026-01-02T09:30:01,SPY,775.3560,633
2026-01-02T09:30:01,QQQ,663.4441,170
2026-01-02T09:30:02,AAPL,290.8456,356
2026-01-02T09:30:02,MSFT,380.1650,826
2026-01-02T09:30:02,NVDA,192.2556,187
2026-01-02T09:30:02,TSLA,272.8749,115
2026-01-02T09:30:02,AMD,159.9636,850
2026-01-02T09:30:02,AMZN,271.7255,515
2026-01-02T09:30:02,META,550.6535,247
2026-01-02T09:30:02,GOOGL,366.9721,760
2026-01-02T09:30:02,SPY,774.1312,800
2026-01-02T09:30:02,QQQ,663.5704,821
2026-01-02T09:30:03,AAPL,290.6662,512
2026-01-02T09:30:03,MSFT,380.1844,897
2026-01-02T09:30:03,NVDA,192.1787,164
2026-01-02T09:30:03,TSLA,273.4180,721
2026-01-02T09:30:03,AMD,159.7408,496
2026-01-02T09:30:03,AMZN,271.8061,312
2026-01-02T09:30:03,META,551.0562,808
2026-01-02T09:30:03,GOOGL,366.8969,617
2026-01-02T09:30:03,SPY,774.0632,406
2026-01-02T09:30:03,QQQ,662.8478,589
2026-01-02T09:30:04,AAPL,290.8683,825
2026-01-02T09:30:04,MSFT,379.9045,369
2026-01-02T09:30:04,NVDA,192.3557,246
2026-01-02T09:30:04,TSLA,272.6591,806
2026-01-02T09:30:04,AMD,159.7172,219
2026-01-02T09:30:04,AMZN,271.8758,559
2026-01-02T09:30:04,META,551.5199,646
2026-01-02T09:30:04,GOOGL,366.4011,184
2026-01-02T09:30:04,SPY,776.0956,643
2026-01-02T09:30:04,QQQ,662.7744,585
2026-01-02T09:30:05,AAPL,290.6976,406
2026-01-02T09:30:05,MSFT,379.9450,229
2026-01-02T09:30:05,NVDA,192.0124,720
2026-01-02T09:30:05,TSLA,272.9670,817
2026-01-02T09:30:05,AMD,159.6935,368
2026-01-02T09:30:05,AMZN,271.9333,656
2026-01-02T09:30:05,META,551.7923,260
2026-01-02T09:30:05,GOOGL,367.1188,336
2026-01-02T09:30:05,SPY,775.8907,181
2026-01-02T09:30:05,QQQ,663.1540,277
2026-01-02T09:30:06,AAPL,290.7242,826
2026-01-02T09:30:06,MSFT,380.1686,97
2026-01-02T09:30:06,NVDA,191.9106,360
2026-01-02T09:30:06,TSLA,273.3165,434
2026-01-02T09:30:06,AMD,159.9025,838
2026-01-02T09:30:06,AMZN,271.6555,256
2026-01-02T09:30:06,META,551.4828,110
2026-01-02T09:30:06,GOOGL,367.1006,765
2026-01-02T09:30:06,SPY,774.9967,215
2026-01-02T09:30:06,QQQ,663.9891,741
2026-01-02T09:30:07,AAPL,290.8982,798
2026-01-02T09:30:07,MSFT,379.5902,636
2026-01-02T09:30:07,NVDA,192.3346,869
2026-01-02T09:30:07,TSLA,272.9553,632
2026-01-02T09:30:07,AMD,159.7755,805
2026-01-02T09:30:07,AMZN,271.4109,370
2026-01-02T09:30:07,META,550.8452,799
2026-01-02T09:30:07,GOOGL,366.5586,762
2026-01-02T09:30:07,SPY,775.3655,109
2026-01-02T09:30:07,QQQ,662.5010,832
2026-01-02T09:30:08,AAPL,290.9239,297
2026-01-02T09:30:08,MSFT,379.9000,557
2026-01-02T09:30:08,NVDA,192.1087,685
2026-01-02T09:30:08,TSLA,272.9613,237
2026-01-02T09:30:08,AMD,159.9169,562
2026-01-02T09:30:08,AMZN,271.9576,893
2026-01-02T09:30:08,META,550.9965,653
2026-01-02T09:30:08,GOOGL,366.6988,757
2026-01-02T09:30:08,SPY,775.2771,332
2026-01-02T09:30:08,QQQ,662.5420,627
2026-01-02T09:30:09,AAPL,291.2058,148
2026-01-02T09:30:09,MSFT,379.6980,610
2026-01-02T09:30:09,NVDA,192.3618,557
2026-01-02T09:30:09,TSLA,272.8144,310
2026-01-02T09:30:09,AMD,159.6053,139
2026-01-02T09:30:09,AMZN,271.3266,542
2026-01-02T09:30:09,META,550.3928,524
2026-01-02T09:30:09,GOOGL,366.2588,608
2026-01-02T09:30:09,SPY,774.6232,444
2026-01-02T09:30:09,QQQ,663.2726,394
2026-01-02T09:30:10,AAPL,290.9426,376
2026-01-02T09:30:10,MSFT,379.7505,481
2026-01-02T09:30:10,NVDA,192.0764,431
2026-01-02T09:30:10,TSLA,272.6646,716
2026-01-02T09:30:10,AMD,159.7476,364
2026-01-02T09:30:10,AMZN,271.6847,419
2026-01-02T09:30:10,META,551.7479,397
2026-01-02T09:30:10,GOOGL,366.6741,331
2026-01-02T09:30:10,SPY,774.8692,346
2026-01-02T09:30:10,QQQ,663.8238,729
2026-01-02T09:30:11,AAPL,290.7917,319
2026-01-02T09:30:11,MSFT,379.6601,356
2026-01-02T09:30:11,NVDA,191.9683,233
2026-01-02T09:30:11,TSLA,272.9438,366
2026-01-02T09:30:11,AMD,159.8519,124
2026-01-02T09:30:11,AMZN,271.9862,522
2026-01-02T09:30:11,META,550.9226,853
2026-01-02T09:30:11,GOOGL,367.3161,824
2026-01-02T09:30:11,SPY,773.9822,536
2026-01-02T09:30:11,QQQ,663.0464,701
2026-01-02T09:30:12,AAPL,291.0536,373
2026-01-02T09:30:12,MSFT,379.6752,804
2026-01-02T09:30:12,NVDA,192.2376,777
2026-01-02T09:30:12,TSLA,272.9524,344
2026-01-02T09:30:12,AMD,159.6932,823
2026-01-02T09:30:12,AMZN,271.7376,136
2026-01-02T09:30:12,META,550.7998,509
2026-01-02T09:30:12,GOOGL,366.4675,307
2026-01-02T09:30:12,SPY,775.2824,685
2026-01-02T09:30:12,QQQ,663.2282,433
2026-01-02T09:30:13,AAPL,291.1083,105
2026-01-02T09:30:13,MSFT,379.6857,759
2026-01-02T09:30:13,NVDA,192.3653,327
2026-01-02T09:30:13,TSLA,272.7395,599
2026-01-02T09:30:13,AMD,159.8774,648
2026-01-02T09:30:13,AMZN,271.4372,716
2026-01-02T09:30:13,META,550.5095,572
2026-01-02T09:30:13,GOOGL,366.6397,261
2026-01-02T09:30:13,SPY,774.6680,756
2026-01-02T09:30:13,QQQ,663.3468,338
2026-01-02T09:30:14,AAPL,291.0241,406
2026-01-02T09:30:14,MSFT,379.9648,176
2026-01-02T09:30:14,NVDA,192.2923,578
2026-01-02T09:30:14,TSLA,273.0135,347
2026-01-02T09:30:14,AMD,159.9206,874
2026-01-02T09:30:14,AMZN,271.4750,501
2026-01-02T09:30:14,META,550.3897,202
2026-01-02T09:30:14,GOOGL,366.8892,723
2026-01-02T09:30:14,SPY,775.3629,428
2026-01-02T09:30:14,QQQ,663.9622,531
2026-01-02T09:30:15,AAPL,290.3144,284
2026-01-02T09:30:15,MSFT,379.6649,289
2026-01-02T09:30:15,NVDA,192.3775,317
2026-01-02T09:30:15,TSLA,273.0600,341
2026-01-02T09:30:15,AMD,159.6124,514
2026-01-02T09:30:15,AMZN,271.6523,162
2026-01-02T09:30:15,META,550.3600,350
2026-01-02T09:30:15,GOOGL,366.7944,489
2026-01-02T09:30:15,SPY,774.7088,374
2026-01-02T09:30:15,QQQ,663.6965,510
2026-01-02T09:30:16,AAPL,290.5907,816
2026-01-02T09:30:16,MSFT,379.6590,272
2026-01-02T09:30:16,NVDA,191.8236,142
2026-01-02T09:30:16,TSLA,273.1536,125
2026-01-02T09:30:16,AMD,159.9482,260
2026-01-02T09:30:16,AMZN,271.2963,661
2026-01-02T09:30:16,META,551.1946,513
2026-01-02T09:30:16,GOOGL,366.9078,331
2026-01-02T09:30:16,SPY,775.7725,804
2026-01-02T09:30:16,QQQ,663.6794,388
2026-01-02T09:30:17,AAPL,291.0300,882
2026-01-02T09:30:17,MSFT,379.6199,303
2026-01-02T09:30:17,NVDA,191.8216,383
2026-01-02T09:30:17,TSLA,272.8593,336
2026-01-02T09:30:17,AMD,159.7561,261
2026-01-02T09:30:17,AMZN,271.5633,178
2026-01-02T09:30:17,META,550.4129,280
2026-01-02T09:30:17,GOOGL,367.2401,755
2026-01-02T09:30:17,SPY,774.3158,352
2026-01-02T09:30:17,QQQ,663.6713,595
2026-01-02T09:30:18,AAPL,290.5010,464
2026-01-02T09:30:18,MSFT,379.7664,341
2026-01-02T09:30:18,NVDA,191.8619,770
2026-01-02T09:30:18,TSLA,273.1693,860
2026-01-02T09:30:18,AMD,159.8851,291
2026-01-02T09:30:18,AMZN,271.6894,873
2026-01-02T09:30:18,META,551.6042,419
2026-01-02T09:30:18,GOOGL,366.4774,747
2026-01-02T09:30:18,SPY,774.8209,218
2026-01-02T09:30:18,QQQ,664.3018,98
2026-01-02T09:30:19,AAPL,290.7338,588
2026-01-02T09:30:19,MSFT,379.9794,460
2026-01-02T09:30:19,NVDA,192.2984,373
2026-01-02T09:30:19,TSLA,272.8308,185
2026-01-02T09:30:19,AMD,159.7227,614
2026-01-02T09:30:19,AMZN,271.8444,481
2026-01-02T09:30:19,META,551.1241,151
2026-01-02T09:30:19,GOOGL,366.8239,221
2026-01-02T09:30:19,SPY,775.0706,357
2026-01-02T09:30:19,QQQ,663.8879,259
2026-01-02T09:30:20,AAPL,290.7820,875
2026-01-02T09:30:20,MSFT,379.6670,798
2026-01-02T09:30:20,NVDA,191.8131,683
2026-01-02T09:30:20,TSLA,272.9287,411
2026-01-02T09:30:20,AMD,160.0085,405
2026-01-02T09:30:20,AMZN,271.6365,722
2026-01-02T09:30:20,META,550.3813,484
2026-01-02T09:30:20,GOOGL,367.0198,637
2026-01-02T09:30:20,SPY,776.0536,128
2026-01-02T09:30:20,QQQ,663.4941,635
2026-01-02T09:30:21,AAPL,290.7938,609
2026-01-02T09:30:21,MSFT,380.0163,414
2026-01-02T09:30:21,NVDA,191.7854,657
2026-01-02T09:30:21,TSLA,273.1387,384
2026-01-02T09:30:21,AMD,160.0419,727
2026-01-02T09:30:21,AMZN,271.7166,857
2026-01-02T09:30:21,META,550.8804,721
2026-01-02T09:30:21,GOOGL,367.0623,671
2026-01-02T09:30:21,SPY,775.1614,899
2026-01-02T09:30:21,QQQ,664.1630,357
2026-01-02T09:30:22,AAPL,290.6545,238
2026-01-02T09:30:22,MSFT,379.5000,450
2026-01-02T09:30:22,NVDA,191.8744,790
2026-01-02T09:30:22,TSLA,272.9396,856
2026-01-02T09:30:22,AMD,160.0836,584
2026-01-02T09:30:22,AMZN,271.6559,719
2026-01-02T09:30:22,META,551.6333,724
2026-01-02T09:30:22,GOOGL,367.3706,813
2026-01-02T09:30:22,SPY,775.2202,148
2026-01-02T09:30:22,QQQ,664.1627,459
2026-01-02T09:30:23,AAPL,291.0077,649
2026-01-02T09:30:23,MSFT,379.8952,411
2026-01-02T09:30:23,NVDA,191.8023,118
2026-01-02T09:30:23,TSLA,273.0532,598
2026-01-02T09:30:23,AMD,160.0543,396
2026-01-02T09:30:23,AMZN,271.8748,811
2026-01-02T09:30:23,META,550.1241,239
2026-01-02T09:30:23,GOOGL,367.2491,747
2026-01-02T09:30:23,SPY,774.5417,591
2026-01-02T09:30:23,QQQ,662.9667,758
2026-01-02T09:30:24,AAPL,291.0043,821
2026-01-02T09:30:24,MSFT,379.3223,490
2026-01-02T09:30:24,NVDA,192.2835,233
2026-01-02T09:30:24,TSLA,273.2173,497
2026-01-02T09:30:24,AMD,159.9447,323
2026-01-02T09:30:24,AMZN,271.8227,721
2026-01-02T09:30:24,META,551.4175,512
2026-01-02T09:30:24,GOOGL,367.4182,256
2026-01-02T09:30:24,SPY,776.1373,530
2026-01-02T09:30:24,QQQ,663.4145,446
2026-01-02T09:30:25,AAPL,290.7972,544
2026-01-02T09:30:25,MSFT,379.2957,86
2026-01-02T09:30:25,NVDA,192.1603,795
2026-01-02T09:30:25,TSLA,272.6892,725
2026-01-02T09:30:25,AMD,160.1122,90
2026-01-02T09:30:25,AMZN,271.4028,97
2026-01-02T09:30:25,META,550.4432,631
2026-01-02T09:30:25,GOOGL,367.0852,639
2026-01-02T09:30:25,SPY,775.5437,640
2026-01-02T09:30:25,QQQ,662.5907,221
2026-01-02T09:30:26,AAPL,291.0519,846
2026-01-02T09:30:26,MSFT,380.1407,342
2026-01-02T09:30:26,NVDA,191.7775,157
2026-01-02T09:30:26,TSLA,272.9881,326
2026-01-02T09:30:26,AMD,160.1054,89
2026-01-02T09:30:26,AMZN,271.4595,379
2026-01-02T09:30:26,META,550.3475,821
2026-01-02T09:30:26,GOOGL,366.6501,877
2026-01-02T09:30:26,SPY,776.4899,635
2026-01-02T09:30:26,QQQ,663.0116,257
2026-01-02T09:30:27,AAPL,290.7418,259
2026-01-02T09:30:27,MSFT,379.2142,656
2026-01-02T09:30:27,NVDA,192.1825,664
2026-01-02T09:30:27,TSLA,272.9748,380
2026-01-02T09:30:27,AMD,159.9940,611
2026-01-02T09:30:27,AMZN,271.1178,182
2026-01-02T09:30:27,META,551.5157,718
2026-01-02T09:30:27,GOOGL,367.2027,755
2026-01-02T09:30:27,SPY,775.9501,893
2026-01-02T09:30:27,QQQ,663.3061,816
2026-01-02T09:30:28,AAPL,290.3876,82
2026-01-02T09:30:28,MSFT,379.0627,209
2026-01-02T09:30:28,NVDA,191.9232,898
2026-01-02T09:30:28,TSLA,272.4165,542
2026-01-02T09:30:28,AMD,159.8542,570
2026-01-02T09:30:28,AMZN,271.4738,528
2026-01-02T09:30:28,META,551.4680,726
2026-01-02T09:30:28,GOOGL,366.6090,154
2026-01-02T09:30:28,SPY,776.5662,251
2026-01-02T09:30:28,QQQ,662.6876,314
2026-01-02T09:30:29,AAPL,290.5887,383
2026-01-02T09:30:29,MSFT,379.7519,450
2026-01-02T09:30:29,NVDA,192.0806,365
2026-01-02T09:30:29,TSLA,272.9710,544
2026-01-02T09:30:29,AMD,159.8394,689
2026-01-02T09:30:29,AMZN,271.1331,690
2026-01-02T09:30:29,META,550.2687,431
2026-01-02T09:30:29,GOOGL,366.5247,288
2026-01-02T09:30:29,SPY,774.8707,609
2026-01-02T09:30:29,QQQ,663.1966,462
2026-01-02T09:30:30,AAPL,290.1798,373
2026-01-02T09:30:30,MSFT,379.9166,550
2026-01-02T09:30:30,NVDA,191.9084,271
2026-01-02T09:30:30,TSLA,273.0784,712
2026-01-02T09:30:30,AMD,159.7386,783
2026-01-02T09:30:30,AMZN,271.8123,381
2026-01-02T09:30:30,META,550.8161,847
2026-01-02T09:30:30,GOOGL,366.5582,562
2026-01-02T09:30:30,SPY,775.8728,597
2026-01-02T09:30:30,QQQ,663.0141,236
2026-01-02T09:30:31,AAPL,290.5339,658
2026-01-02T09:30:31,MSFT,380.1509,463
2026-01-02T09:30:31,NVDA,191.7921,428
2026-01-02T09:30:31,TSLA,273.0829,467
2026-01-02T09:30:31,AMD,159.9699,874
2026-01-02T09:30:31,AMZN,271.2462,213
2026-01-02T09:30:31,META,550.3801,208
2026-01-02T09:30:31,GOOGL,367.5111,83
2026-01-02T09:30:31,SPY,775.1200,149
2026-01-02T09:30:31,QQQ,662.8577,215
2026-01-02T09:30:32,AAPL,290.3892,787
2026-01-02T09:30:32,MSFT,379.6692,190
2026-01-02T09:30:32,NVDA,192.2177,286
2026-01-02T09:30:32,TSLA,272.3427,108
2026-01-02T09:30:32,AMD,159.7830,835
2026-01-02T09:30:32,AMZN,271.1822,378
2026-01-02T09:30:32,META,549.9805,326
2026-01-02T09:30:32,GOOGL,366.9626,179
2026-01-02T09:30:32,SPY,776.1386,95
2026-01-02T09:30:32,QQQ,662.7749,333
2026-01-02T09:30:33,AAPL,290.4220,129
2026-01-02T09:30:33,MSFT,379.7086,297
2026-01-02T09:30:33,NVDA,191.8606,811
2026-01-02T09:30:33,TSLA,272.5270,496
2026-01-02T09:30:33,AMD,160.0086,187
2026-01-02T09:30:33,AMZN,271.6087,300
2026-01-02T09:30:33,META,551.3236,144
2026-01-02T09:30:33,GOOGL,366.7807,611
2026-01-02T09:30:33,SPY,776.4873,299
2026-01-02T09:30:33,QQQ,663.4310,609
2026-01-02T09:30:34,AAPL,290.6668,145
2026-01-02T09:30:34,MSFT,379.9854,847
2026-01-02T09:30:34,NVDA,192.1383,460
2026-01-02T09:30:34,TSLA,272.3983,464
2026-01-02T09:30:34,AMD,160.0872,592
2026-01-02T09:30:34,AMZN,271.7570,527
2026-01-02T09:30:34,META,551.0934,629
2026-01-02T09:30:34,GOOGL,366.8840,728
2026-01-02T09:30:34,SPY,774.7120,285
2026-01-02T09:30:34,QQQ,663.5756,507
2026-01-02T09:30:35,AAPL,290.7776,85
2026-01-02T09:30:35,MSFT,379.3932,525
2026-01-02T09:30:35,NVDA,192.1422,182
2026-01-02T09:30:35,TSLA,272.8820,484
2026-01-02T09:30:35,AMD,159.9575,428
2026-01-02T09:30:35,AMZN,271.3270,855
2026-01-02T09:30:35,META,551.0985,893
2026-01-02T09:30:35,GOOGL,366.6204,499
2026-01-02T09:30:35,SPY,774.7006,87
2026-01-02T09:30:35,QQQ,662.7517,721
2026-01-02T09:30:36,AAPL,290.0910,548
2026-01-02T09:30:36,MSFT,379.4486,719
2026-01-02T09:30:36,NVDA,192.0628,512
2026-01-02T09:30:36,TSLA,272.7871,260
2026-01-02T09:30:36,AMD,159.9617,657
2026-01-02T09:30:36,AMZN,271.6153,537
2026-01-02T09:30:36,META,551.1155,695
2026-01-02T09:30:36,GOOGL,367.0112,673
2026-01-02T09:30:36,SPY,775.6631,521
2026-01-02T09:30:36,QQQ,663.9858,505
2026-01-02T09:30:37,AAPL,290.8486,767
2026-01-02T09:30:37,MSFT,379.1581,646
2026-01-02T09:30:37,NVDA,191.8511,191
2026-01-02T09:30:37,TSLA,272.5495,683
2026-01-02T09:30:37,AMD,159.9224,364
2026-01-02T09:30:37,AMZN,271.3961,412
2026-01-02T09:30:37,META,550.3004,845
2026-01-02T09:30:37,GOOGL,367.7045,560
2026-01-02T09:30:37,SPY,776.9748,170
2026-01-02T09:30:37,QQQ,664.6538,94
2026-01-02T09:30:38,AAPL,290.5860,791
2026-01-02T09:30:38,MSFT,379.3063,663
2026-01-02T09:30:38,NVDA,192.1028,167
2026-01-02T09:30:38,TSLA,272.5169,94
2026-01-02T09:30:38,AMD,160.0864,863
2026-01-02T09:30:38,AMZN,271.5045,336
2026-01-02T09:30:38,META,550.8736,873
2026-01-02T09:30:38,GOOGL,367.1057,629
2026-01-02T09:30:38,SPY,776.6214,386
2026-01-02T09:30:38,QQQ,663.6839,242
2026-01-02T09:30:39,AAPL,290.5063,225
2026-01-02T09:30:39,MSFT,379.1236,638
2026-01-02T09:30:39,NVDA,191.8596,603
2026-01-02T09:30:39,TSLA,272.3055,464
2026-01-02T09:30:39,AMD,159.9885,798
2026-01-02T09:30:39,AMZN,270.9549,367
2026-01-02T09:30:39,META,551.2483,732
2026-01-02T09:30:39,GOOGL,367.1109,358
2026-01-02T09:30:39,SPY,776.0085,249
2026-01-02T09:30:39,QQQ,664.1221,586
2026-01-02T09:31:40,AAPL,290.4168,477
2026-01-02T09:31:40,MSFT,379.2612,494
2026-01-02T09:31:40,NVDA,192.2233,118
2026-01-02T09:31:40,TSLA,273.0709,618
2026-01-02T09:31:40,AMD,159.8752,734
2026-01-02T09:31:40,AMZN,271.1404,837
2026-01-02T09:31:40,META,549.9679,177
2026-01-02T09:31:40,GOOGL,367.2456,247
2026-01-02T09:31:40,SPY,775.0288,94
2026-01-02T09:31:40,QQQ,664.7189,400
2026-01-02T09:31:41,AAPL,290.3941,846
2026-01-02T09:31:41,MSFT,378.9108,855
2026-01-02T09:31:41,NVDA,191.8618,355
2026-01-02T09:31:41,TSLA,272.8655,590
2026-01-02T09:31:41,AMD,160.1466,116
2026-01-02T09:31:41,AMZN,270.9717,491
2026-01-02T09:31:41,META,549.6472,856
2026-01-02T09:31:41,GOOGL,367.3231,854
2026-01-02T09:31:41,SPY,775.7511,353
2026-01-02T09:31:41,QQQ,663.7310,753
2026-01-02T09:31:42,AAPL,290.5548,406
2026-01-02T09:31:42,MSFT,379.8119,780
2026-01-02T09:31:42,NVDA,191.7276,627
2026-01-02T09:31:42,TSLA,272.6540,729
2026-01-02T09:31:42,AMD,159.8782,800
2026-01-02T09:31:42,AMZN,271.6456,262
2026-01-02T09:31:42,META,550.6149,457
2026-01-02T09:31:42,GOOGL,367.1797,111
2026-01-02T09:31:42,SPY,775.6964,195
2026-01-02T09:31:42,QQQ,664.0514,197
2026-01-02T09:31:43,AAPL,290.5365,317
2026-01-02T09:31:43,MSFT,379.5534,826
2026-01-02T09:31:43,NVDA,192.0043,455
2026-01-02T09:31:43,TSLA,272.4786,262
2026-01-02T09:31:43,AMD,159.9287,639
2026-01-02T09:31:43,AMZN,271.4175,879
2026-01-02T09:31:43,META,551.1917,214
2026-01-02T09:31:43,GOOGL,367.3330,486
2026-01-02T09:31:43,SPY,775.4096,744
2026-01-02T09:31:43,QQQ,663.2489,599
2026-01-02T09:31:44,AAPL,290.5456,827
2026-01-02T09:31:44,MSFT,379.6109,888
2026-01-02T09:31:44,NVDA,191.8046,148
2026-01-02T09:31:44,TSLA,272.7200,677
2026-01-02T09:31:44,AMD,159.9624,460
2026-01-02T09:31:44,AMZN,271.2452,895
2026-01-02T09:31:44,META,551.0049,880
2026-01-02T09:31:44,GOOGL,366.8306,275
2026-01-02T09:31:44,SPY,775.7695,619
2026-01-02T09:31:44,QQQ,663.2191,396
2026-01-02T09:31:45,AAPL,290.6688,514
2026-01-02T09:31:45,MSFT,379.7403,352
2026-01-02T09:31:45,NVDA,191.8385,184
2026-01-02T09:31:45,TSLA,272.5934,610
2026-01-02T09:31:45,AMD,160.0428,684
2026-01-02T09:31:45,AMZN,271.6969,662
2026-01-02T09:31:45,META,549.9590,572
2026-01-02T09:31:45,GOOGL,367.4681,114
2026-01-02T09:31:45,SPY,776.5021,550
2026-01-02T09:31:45,QQQ,664.0734,201
2026-01-02T09:31:46,AAPL,290.5991,593
2026-01-02T09:31:46,MSFT,379.8390,542
2026-01-02T09:31:46,NVDA,192.1103,409
2026-01-02T09:31:46,TSLA,272.6918,824
2026-01-02T09:31:46,AMD,160.0325,536
2026-01-02T09:31:46,AMZN,270.8920,785
2026-01-02T09:31:46,META,549.7289,385
2026-01-02T09:31:46,GOOGL,367.7791,590
2026-01-02T09:31:46,SPY,775.6302,164
2026-01-02T09:31:46,QQQ,664.2098,785
2026-01-02T09:31:47,AAPL,290.3436,708
2026-01-02T09:31:47,MSFT,378.9147,239
2026-01-02T09:31:47,NVDA,191.8969,156
2026-01-02T09:31:47,TSLA,272.7777,843
2026-01-02T09:31:47,AMD,160.2540,883
2026-01-02T09:31:47,AMZN,271.6622,758
2026-01-02T09:31:47,META,550.8095,448
2026-01-02T09:31:47,GOOGL,367.1249,228
2026-01-02T09:31:47,SPY,776.6687,550
2026-01-02T09:31:47,QQQ,663.7242,695
2026-01-02T09:31:48,AAPL,290.7336,159
2026-01-02T09:31:48,MSFT,379.6034,139
2026-01-02T09:31:48,NVDA,191.8517,608
2026-01-02T09:31:48,TSLA,272.8201,610
2026-01-02T09:31:48,AMD,159.9881,655
2026-01-02T09:31:48,AMZN,271.4891,584
2026-01-02T09:31:48,META,550.0600,335
2026-01-02T09:31:48,GOOGL,366.9323,884
2026-01-02T09:31:48,SPY,775.6788,775
2026-01-02T09:31:48,QQQ,664.1142,607
2026-01-02T09:31:49,AAPL,290.8121,612
2026-01-02T09:31:49,MSFT,378.9626,527
2026-01-02T09:31:49,NVDA,192.1351,680
2026-01-02T09:31:49,TSLA,272.9878,827
2026-01-02T09:31:49,AMD,160.0270,663
2026-01-02T09:31:49,AMZN,271.2199,315
2026-01-02T09:31:49,META,549.9182,316
2026-01-02T09:31:49,GOOGL,367.7941,222
2026-01-02T09:31:49,SPY,776.3199,623
2026-01-02T09:31:49,QQQ,663.8302,713
2026-01-02T09:31:50,AAPL,290.3921,816
2026-01-02T09:31:50,MSFT,379.6095,659
2026-01-02T09:31:50,NVDA,191.7913,280
2026-01-02T09:31:50,TSLA,272.3401,583
2026-01-02T09:31:50,AMD,159.8528,579
2026-01-02T09:31:50,AMZN,271.2656,113
2026-01-02T09:31:50,META,550.1224,736
2026-01-02T09:31:50,GOOGL,366.9177,96
2026-01-02T09:31:50,SPY,777.2867,499
2026-01-02T09:31:50,QQQ,664.7682,699
2026-01-02T09:31:51,AAPL,290.3137,121
2026-01-02T09:31:51,MSFT,379.5510,737
2026-01-02T09:31:51,NVDA,191.6831,874
2026-01-02T09:31:51,TSLA,272.6637,630
2026-01-02T09:31:51,AMD,160.2416,465
2026-01-02T09:31:51,AMZN,271.0279,284
2026-01-02T09:31:51,META,550.5585,517
2026-01-02T09:31:51,GOOGL,367.6284,683
2026-01-02T09:31:51,SPY,776.7312,161
2026-01-02T09:31:51,QQQ,664.5497,257
2026-01-02T09:31:52,AAPL,290.3970,669
2026-01-02T09:31:52,MSFT,379.7129,105
2026-01-02T09:31:52,NVDA,191.6764,856
2026-01-02T09:31:52,TSLA,272.4188,224
2026-01-02T09:31:52,AMD,160.0122,795
2026-01-02T09:31:52,AMZN,270.8371,864
2026-01-02T09:31:52,META,550.9362,693
2026-01-02T09:31:52,GOOGL,367.4786,268
2026-01-02T09:31:52,SPY,776.4235,174
2026-01-02T09:31:52,QQQ,663.4464,834
2026-01-02T09:31:53,AAPL,290.7742,215
2026-01-02T09:31:53,MSFT,379.2967,638
2026-01-02T09:31:53,NVDA,191.7531,256
2026-01-02T09:31:53,TSLA,272.1545,489
2026-01-02T09:31:53,AMD,159.8441,741
2026-01-02T09:31:53,AMZN,270.9004,135
2026-01-02T09:31:53,META,549.5323,465
2026-01-02T09:31:53,GOOGL,367.0649,588
2026-01-02T09:31:53,SPY,775.1370,855
2026-01-02T09:31:53,QQQ,664.5432,208
2026-01-02T09:31:54,AAPL,289.9094,571
2026-01-02T09:31:54,MSFT,379.1952,706
2026-01-02T09:31:54,NVDA,192.0949,238
2026-01-02T09:31:54,TSLA,272.3578,278
2026-01-02T09:31:54,AMD,159.9181,596
2026-01-02T09:31:54,AMZN,271.5044,504
2026-01-02T09:31:54,META,549.8040,885
2026-01-02T09:31:54,GOOGL,367.8179,527
2026-01-02T09:31:54,SPY,775.5654,494
2026-01-02T09:31:54,QQQ,663.2462,486
2026-01-02T09:31:55,AAPL,290.0570,831
2026-01-02T09:31:55,MSFT,379.0409,771
2026-01-02T09:31:55,NVDA,191.7946,197
2026-01-02T09:31:55,TSLA,272.2862,891
2026-01-02T09:31:55,AMD,159.9390,609
2026-01-02T09:31:55,AMZN,271.1028,119
2026-01-02T09:31:55,META,550.1922,210
2026-01-02T09:31:55,GOOGL,367.2970,155
2026-01-02T09:31:55,SPY,775.9171,336
2026-01-02T09:31:55,QQQ,663.5983,389
2026-01-02T09:31:56,AAPL,290.2120,898
2026-01-02T09:31:56,MSFT,379.1205,346
2026-01-02T09:31:56,NVDA,191.8107,670
2026-01-02T09:31:56,TSLA,272.1699,852
2026-01-02T09:31:56,AMD,160.2727,844
2026-01-02T09:31:56,AMZN,271.4351,181
2026-01-02T09:31:56,META,549.5270,460
2026-01-02T09:31:56,GOOGL,367.3301,176
2026-01-02T09:31:56,SPY,775.6993,870
2026-01-02T09:31:56,QQQ,665.0774,440
2026-01-02T09:31:57,AAPL,290.3275,383
2026-01-02T09:31:57,MSFT,379.2916,355
2026-01-02T09:31:57,NVDA,191.6822,270
2026-01-02T09:31:57,TSLA,272.1428,861
2026-01-02T09:31:57,AMD,160.1390,329
2026-01-02T09:31:57,AMZN,271.4068,174
2026-01-02T09:31:57,META,549.7631,207
2026-01-02T09:31:57,GOOGL,367.9693,640
2026-01-02T09:31:57,SPY,775.6866,712
2026-01-02T09:31:57,QQQ,664.2829,685
2026-01-02T09:31:58,AAPL,290.2306,366
2026-01-02T09:31:58,MSFT,379.0687,794
2026-01-02T09:31:58,NVDA,191.9389,798
2026-01-02T09:31:58,TSLA,272.3985,163
2026-01-02T09:31:58,AMD,160.2345,218
2026-01-02T09:31:58,AMZN,271.4839,751
2026-01-02T09:31:58,META,550.9130,516
2026-01-02T09:31:58,GOOGL,367.9819,480
2026-01-02T09:31:58,SPY,776.0586,90
2026-01-02T09:31:58,QQQ,664.2895,95
2026-01-02T09:31:59,AAPL,290.5468,154
2026-01-02T09:31:59,MSFT,379.0291,709
2026-01-02T09:31:59,NVDA,191.7897,443
2026-01-02T09:31:59,TSLA,272.2088,307
2026-01-02T09:31:59,AMD,160.1223,392
2026-01-02T09:31:59,AMZN,270.9363,333
2026-01-02T09:31:59,META,550.1854,525
2026-01-02T09:31:59,GOOGL,367.0745,276
2026-01-02T09:31:59,SPY,777.2119,208
2026-01-02T09:31:59,QQQ,664.5661,141
2026-01-02T09:31:00,AAPL,290.6895,874
2026-01-02T09:31:00,MSFT,379.1177,366
2026-01-02T09:31:00,NVDA,191.8495,177
2026-01-02T09:31:00,TSLA,272.5162,164
2026-01-02T09:31:00,AMD,159.9823,553
2026-01-02T09:31:00,AMZN,270.9655,729
2026-01-02T09:31:00,META,549.7270,149
2026-01-02T09:31:00,GOOGL,367.4529,433
2026-01-02T09:31:00,SPY,775.3592,121
2026-01-02T09:31:00,QQQ,663.9848,292
2026-01-02T09:31:01,AAPL,290.5880,606
2026-01-02T09:31:01,MSFT,379.1282,484
2026-01-02T09:31:01,NVDA,191.6654,357
2026-01-02T09:31:01,TSLA,272.6068,503
2026-01-02T09:31:01,AMD,160.0265,324
2026-01-02T09:31:01,AMZN,270.8617,96
2026-01-02T09:31:01,META,550.1439,773
2026-01-02T09:31:01,GOOGL,367.1955,503
2026-01-02T09:31:01,SPY,777.0656,423
2026-01-02T09:31:01,QQQ,663.5736,403
2026-01-02T09:31:02,AAPL,289.9449,691
2026-01-02T09:31:02,MSFT,379.0689,575
2026-01-02T09:31:02,NVDA,191.9333,770
2026-01-02T09:31:02,TSLA,272.4878,774
2026-01-02T09:31:02,AMD,159.8830,566
2026-01-02T09:31:02,AMZN,270.8509,704
2026-01-02T09:31:02,META,550.4351,232
2026-01-02T09:31:02,GOOGL,367.2392,267
2026-01-02T09:31:02,SPY,776.2696,392
2026-01-02T09:31:02,QQQ,663.5539,133
2026-01-02T09:31:03,AAPL,289.8857,599
2026-01-02T09:31:03,MSFT,379.4335,349
2026-01-02T09:31:03,NVDA,191.5647,815
2026-01-02T09:31:03,TSLA,272.6275,229
2026-01-02T09:31:03,AMD,160.3338,415
2026-01-02T09:31:03,AMZN,271.1101,831
2026-01-02T09:31:03,META,549.6400,534
2026-01-02T09:31:03,GOOGL,367.4598,178
2026-01-02T09:31:03,SPY,776.2082,134
2026-01-02T09:31:03,QQQ,664.6586,735
2026-01-02T09:31:04,AAPL,290.2202,640
2026-01-02T09:31:04,MSFT,379.0685,614
2026-01-02T09:31:04,NVDA,191.7921,474
2026-01-02T09:31:04,TSLA,272.7841,601
2026-01-02T09:31:04,AMD,160.1884,350
2026-01-02T09:31:04,AMZN,271.1995,434
2026-01-02T09:31:04,META,549.7283,115
2026-01-02T09:31:04,GOOGL,367.2548,282
2026-01-02T09:31:04,SPY,776.4953,129
2026-01-02T09:31:04,QQQ,664.7242,93
2026-01-02T09:31:05,AAPL,289.8208,546
2026-01-02T09:31:05,MSFT,379.4428,86
2026-01-02T09:31:05,NVDA,191.7763,98
2026-01-02T09:31:05,TSLA,272.3754,80
2026-01-02T09:31:05,AMD,160.2122,410
2026-01-02T09:31:05,AMZN,271.1558,519
2026-01-02T09:31:05,META,550.0077,853
2026-01-02T09:31:05,GOOGL,367.2474,284
2026-01-02T09:31:05,SPY,776.2146,324
2026-01-02T09:31:05,QQQ,664.4858,323
2026-01-02T09:31:06,AAPL,289.9796,298
2026-01-02T09:31:06,MSFT,379.1498,302
2026-01-02T09:31:06,NVDA,191.8561,777
2026-01-02T09:31:06,TSLA,272.4778,888
2026-01-02T09:31:06,AMD,160.2923,873
2026-01-02T09:31:06,AMZN,271.3070,284
2026-01-02T09:31:06,META,549.8813,509
2026-01-02T09:31:06,GOOGL,368.0404,789
2026-01-02T09:31:06,SPY,775.8467,611
2026-01-02T09:31:06,QQQ,665.3488,177
2026-01-02T09:31:07,AAPL,290.0599,205
2026-01-02T09:31:07,MSFT,378.8168,376
2026-01-02T09:31:07,NVDA,191.8264,827
2026-01-02T09:31:07,TSLA,272.2547,664
2026-01-02T09:31:07,AMD,160.1052,206
2026-01-02T09:31:07,AMZN,270.8920,245
2026-01-02T09:31:07,META,549.9598,332
2026-01-02T09:31:07,GOOGL,368.0567,129
2026-01-02T09:31:07,SPY,776.0252,870
2026-01-02T09:31:07,QQQ,663.6811,328
2026-01-02T09:31:08,AAPL,289.8307,279
2026-01-02T09:31:08,MSFT,378.8977,833
2026-01-02T09:31:08,NVDA,191.7279,602
2026-01-02T09:31:08,TSLA,272.1414,499
2026-01-02T09:31:08,AMD,159.9988,402
2026-01-02T09:31:08,AMZN,270.7737,195
2026-01-02T09:31:08,META,550.2904,801
2026-01-02T09:31:08,GOOGL,367.0401,855
2026-01-02T09:31:08,SPY,776.1939,121
2026-01-02T09:31:08,QQQ,664.3055,595
2026-01-02T09:31:09,AAPL,290.2793,850
2026-01-02T09:31:09,MSFT,378.7515,538
2026-01-02T09:31:09,NVDA,191.5056,831
2026-01-02T09:31:09,TSLA,272.5909,621
2026-01-02T09:31:09,AMD,159.9377,858
2026-01-02T09:31:09,AMZN,270.7092,676
2026-01-02T09:31:09,META,549.3464,367
2026-01-02T09:31:09,GOOGL,367.5124,779
2026-01-02T09:31:09,SPY,777.5341,719
2026-01-02T09:31:09,QQQ,663.8098,525
2026-01-02T09:31:10,AAPL,290.1798,702
2026-01-02T09:31:10,MSFT,378.8985,204
2026-01-02T09:31:10,NVDA,191.6633,489
2026-01-02T09:31:10,TSLA,272.0041,427
2026-01-02T09:31:10,AMD,160.3471,264
2026-01-02T09:31:10,AMZN,270.6867,782
2026-01-02T09:31:10,META,549.5262,597
2026-01-02T09:31:10,GOOGL,367.3834,505
2026-01-02T09:31:10,SPY,776.6524,893
2026-01-02T09:31:10,QQQ,664.1291,707
2026-01-02T09:31:11,AAPL,289.9260,430
2026-01-02T09:31:11,MSFT,379.5618,850
2026-01-02T09:31:11,NVDA,191.5886,367
2026-01-02T09:31:11,TSLA,272.6049,381
2026-01-02T09:31:11,AMD,160.0533,510
2026-01-02T09:31:11,AMZN,271.1107,697
2026-01-02T09:31:11,META,550.5996,134
2026-01-02T09:31:11,GOOGL,367.1257,796
2026-01-02T09:31:11,SPY,777.0684,347
2026-01-02T09:31:11,QQQ,665.3014,873
2026-01-02T09:31:12,AAPL,290.0196,382
2026-01-02T09:31:12,MSFT,379.5752,309
2026-01-02T09:31:12,NVDA,191.6314,620
2026-01-02T09:31:12,TSLA,272.0351,595
2026-01-02T09:31:12,AMD,160.0611,323
2026-01-02T09:31:12,AMZN,270.8228,133
2026-01-02T09:31:12,META,550.3798,161
2026-01-02T09:31:12,GOOGL,367.8391,121
2026-01-02T09:31:12,SPY,776.4588,323
2026-01-02T09:31:12,QQQ,663.9969,103
2026-01-02T09:31:13,AAPL,290.0200,318
2026-01-02T09:31:13,MSFT,379.0045,111
2026-01-02T09:31:13,NVDA,191.6199,253
2026-01-02T09:31:13,TSLA,272.6985,854
2026-01-02T09:31:13,AMD,160.3731,328
2026-01-02T09:31:13,AMZN,270.9380,266
2026-01-02T09:31:13,META,549.1392,833
2026-01-02T09:31:13,GOOGL,367.3092,795
2026-01-02T09:31:13,SPY,777.2530,625
2026-01-02T09:31:13,QQQ,664.6940,700
2026-01-02T09:31:14,AAPL,290.2171,592
2026-01-02T09:31:14,MSFT,379.1942,585
2026-01-02T09:31:14,NVDA,191.8283,560
2026-01-02T09:31:14,TSLA,272.1672,182
2026-01-02T09:31:14,AMD,159.9457,765
2026-01-02T09:31:14,AMZN,271.4195,802
2026-01-02T09:31:14,META,550.5849,641
2026-01-02T09:31:14,GOOGL,367.6718,459
2026-01-02T09:31:14,SPY,775.8183,675
2026-01-02T09:31:14,QQQ,665.4861,535
2026-01-02T09:31:15,AAPL,290.2659,606
2026-01-02T09:31:15,MSFT,378.6816,619
2026-01-02T09:31:15,NVDA,191.6084,136
2026-01-02T09:31:15,TSLA,272.6977,155
2026-01-02T09:31:15,AMD,160.3635,438
2026-01-02T09:31:15,AMZN,271.1231,531
2026-01-02T09:31:15,META,549.3901,821
2026-01-02T09:31:15,GOOGL,368.1176,178
2026-01-02T09:31:15,SPY,776.2581,261
2026-01-02T09:31:15,QQQ,664.1877,848
2026-01-02T09:31:16,AAPL,290.2954,260
2026-01-02T09:31:16,MSFT,379.4852,737
2026-01-02T09:31:16,NVDA,191.4667,643
2026-01-02T09:31:16,TSLA,272.3946,176
2026-01-02T09:31:16,AMD,160.4017,592
2026-01-02T09:31:16,AMZN,271.0027,439
2026-01-02T09:31:16,META,550.5863,106
2026-01-02T09:31:16,GOOGL,367.2427,90
2026-01-02T09:31:16,SPY,776.6358,694
2026-01-02T09:31:16,QQQ,664.3929,777
2026-01-02T09:31:17,AAPL,289.7487,639
2026-01-02T09:31:17,MSFT,379.0542,517
2026-01-02T09:31:17,NVDA,191.4094,411
2026-01-02T09:31:17,TSLA,272.5758,696
2026-01-02T09:31:17,AMD,159.9850,801
2026-01-02T09:31:17,AMZN,271.0687,180
2026-01-02T09:31:17,META,550.0056,768
2026-01-02T09:31:17,GOOGL,367.2072,845
2026-01-02T09:31:17,SPY,777.7099,779
2026-01-02T09:31:17,QQQ,664.5100,244
2026-01-02T09:31:18,AAPL,289.7467,562
2026-01-02T09:31:18,MSFT,378.7638,525
2026-01-02T09:31:18,NVDA,191.7331,762
2026-01-02T09:31:18,TSLA,272.3985,245
2026-01-02T09:31:18,AMD,160.3327,833
2026-01-02T09:31:18,AMZN,270.7855,414
2026-01-02T09:31:18,META,549.8511,800
2026-01-02T09:31:18,GOOGL,368.0986,876
2026-01-02T09:31:18,SPY,777.3324,527
2026-01-02T09:31:18,QQQ,665.0212,382
2026-01-02T09:31:19,AAPL,290.4492,771
2026-01-02T09:31:19,MSFT,379.0336,864
2026-01-02T09:31:19,NVDA,191.7792,399
2026-01-02T09:31:19,TSLA,272.3740,524
2026-01-02T09:31:19,AMD,160.3871,376
2026-01-02T09:31:19,AMZN,270.7919,296
2026-01-02T09:31:19,META,549.5161,443
2026-01-02T09:31:19,GOOGL,367.3178,225
2026-01-02T09:31:19,SPY,776.8767,650
2026-01-02T09:31:19,QQQ,665.6552,611
2026-01-02T09:31:20,AAPL,290.3454,630
2026-01-02T09:31:20,MSFT,379.4649,188
2026-01-02T09:31:20,NVDA,191.6427,355
2026-01-02T09:31:20,TSLA,272.4566,688
2026-01-02T09:31:20,AMD,160.3932,635
2026-01-02T09:31:20,AMZN,270.8356,429
2026-01-02T09:31:20,META,549.0019,212
2026-01-02T09:31:20,GOOGL,367.5463,860
2026-01-02T09:31:20,SPY,776.6941,611
2026-01-02T09:31:20,QQQ,665.7097,757
2026-01-02T09:31:21,AAPL,289.6445,598
2026-01-02T09:31:21,MSFT,379.4769,440
2026-01-02T09:31:21,NVDA,191.6054,575
2026-01-02T09:31:21,TSLA,272.3652,472
2026-01-02T09:31:21,AMD,160.1188,206
2026-01-02T09:31:21,AMZN,270.7917,373
2026-01-02T09:31:21,META,549.0163,272
2026-01-02T09:31:21,GOOGL,368.0535,536
2026-01-02T09:31:21,SPY,777.2655,594
2026-01-02T09:31:21,QQQ,664.0456,117
2026-01-02T09:31:22,AAPL,289.6799,792
2026-01-02T09:31:22,MSFT,378.7949,760
2026-01-02T09:31:22,NVDA,191.4977,307
2026-01-02T09:31:22,TSLA,272.1583,476
2026-01-02T09:31:22,AMD,160.1795,371
2026-01-02T09:31:22,AMZN,271.2646,81
2026-01-02T09:31:22,META,550.1501,517
2026-01-02T09:31:22,GOOGL,367.4383,848
2026-01-02T09:31:22,SPY,777.4796,126
2026-01-02T09:31:22,QQQ,665.7682,420
2026-01-02T09:31:23,AAPL,290.1097,827
2026-01-02T09:31:23,MSFT,378.9144,879
2026-01-02T09:31:23,NVDA,191.5740,676
2026-01-02T09:31:23,TSLA,272.1117,237
2026-01-02T09:31:23,AMD,160.2846,790
2026-01-02T09:31:23,AMZN,270.6400,787
2026-01-02T09:31:23,META,549.7831,429
2026-01-02T09:31:23,GOOGL,368.0964,94
2026-01-02T09:31:23,SPY,777.4848,542
2026-01-02T09:31:23,QQQ,664.7040,666
2026-01-02T09:31:24,AAPL,289.7006,856
2026-01-02T09:31:24,MSFT,379.1780,199
2026-01-02T09:31:24,NVDA,191.3723,311
2026-01-02T09:31:24,TSLA,271.9653,752
2026-01-02T09:31:24,AMD,160.2156,208
2026-01-02T09:31:24,AMZN,271.0318,664
2026-01-02T09:31:24,META,549.3000,246
2026-01-02T09:31:24,GOOGL,368.2862,762
2026-01-02T09:31:24,SPY,777.0264,599
2026-01-02T09:31:24,QQQ,663.9552,601
2026-01-02T09:31:25,AAPL,289.6205,340
2026-01-02T09:31:25,MSFT,378.7299,881
2026-01-02T09:31:25,NVDA,191.7218,845
2026-01-02T09:31:25,TSLA,272.4779,206
2026-01-02T09:31:25,AMD,160.1494,764
2026-01-02T09:31:25,AMZN,270.8682,818
2026-01-02T09:31:25,META,549.2971,435
2026-01-02T09:31:25,GOOGL,367.6678,228
2026-01-02T09:31:25,SPY,776.9769,171
2026-01-02T09:31:25,QQQ,664.5686,474
2026-01-02T09:31:26,AAPL,290.0989,608
2026-01-02T09:31:26,MSFT,378.9749,757
2026-01-02T09:31:26,NVDA,191.8726,338
2026-01-02T09:31:26,TSLA,272.5798,765
2026-01-02T09:31:26,AMD,160.1776,741
2026-01-02T09:31:26,AMZN,270.9305,837
2026-01-02T09:31:26,META,550.2981,617
2026-01-02T09:31:26,GOOGL,367.9031,252
2026-01-02T09:31:26,SPY,777.4623,500
2026-01-02T09:31:26,QQQ,664.9609,757
2026-01-02T09:31:27,AAPL,289.8111,730
2026-01-02T09:31:27,MSFT,378.9380,446
2026-01-02T09:31:27,NVDA,191.4978,674
2026-01-02T09:31:27,TSLA,272.5317,92
2026-01-02T09:31:27,AMD,160.4121,173
2026-01-02T09:31:27,AMZN,270.9070,436
2026-01-02T09:31:27,META,549.9107,253
2026-01-02T09:31:27,GOOGL,367.8663,591
2026-01-02T09:31:27,SPY,777.2027,211
2026-01-02T09:31:27,QQQ,663.9916,438
2026-01-02T09:31:28,AAPL,289.7911,728
2026-01-02T09:31:28,MSFT,379.0016,227
2026-01-02T09:31:28,NVDA,191.6477,512
2026-01-02T09:31:28,TSLA,272.3486,849
2026-01-02T09:31:28,AMD,160.0959,431
2026-01-02T09:31:28,AMZN,271.1064,137
2026-01-02T09:31:28,META,549.8357,110
2026-01-02T09:31:28,GOOGL,367.5096,531
2026-01-02T09:31:28,SPY,778.0392,80
2026-01-02T09:31:28,QQQ,665.6882,87
2026-01-02T09:31:29,AAPL,289.8546,552
2026-01-02T09:31:29,MSFT,379.1751,189
2026-01-02T09:31:29,NVDA,191.5537,243
2026-01-02T09:31:29,TSLA,271.8122,684
2026-01-02T09:31:29,AMD,160.0244,382
2026-01-02T09:31:29,AMZN,270.8522,467
2026-01-02T09:31:29,META,549.7912,390
2026-01-02T09:31:29,GOOGL,367.7763,366
2026-01-02T09:31:29,SPY,776.1033,292
2026-01-02T09:31:29,QQQ,665.2833,95
2026-01-02T09:31:30,AAPL,289.8881,817
2026-01-02T09:31:30,MSFT,379.2573,812
2026-01-02T09:31:30,NVDA,191.5443,399
2026-01-02T09:31:30,TSLA,271.9899,135
2026-01-02T09:31:30,AMD,160.2376,414
2026-01-02T09:31:30,AMZN,271.0274,873
2026-01-02T09:31:30,META,550.2294,729
2026-01-02T09:31:30,GOOGL,368.2742,489
2026-01-02T09:31:30,SPY,776.2786,889
2026-01-02T09:31:30,QQQ,664.0899,568
2026-01-02T09:31:31,AAPL,290.3315,477
2026-01-02T09:31:31,MSFT,379.2332,811
2026-01-02T09:31:31,NVDA,191.5049,215
2026-01-02T09:31:31,TSLA,272.2890,139
2026-01-02T09:31:31,AMD,160.0881,344
2026-01-02T09:31:31,AMZN,270.4617,636
2026-01-02T09:31:31,META,548.6815,116
2026-01-02T09:31:31,GOOGL,367.5789,577
2026-01-02T09:31:31,SPY,776.9580,182
2026-01-02T09:31:31,QQQ,665.1967,282
2026-01-02T09:31:32,AAPL,290.0499,377
2026-01-02T09:31:32,MSFT,378.2901,220
2026-01-02T09:31:32,NVDA,191.4733,114
2026-01-02T09:31:32,TSLA,271.7759,213
2026-01-02T09:31:32,AMD,160.3282,720
2026-01-02T09:31:32,AMZN,270.8123,543
2026-01-02T09:31:32,META,549.1824,822
2026-01-02T09:31:32,GOOGL,367.5409,329
2026-01-02T09:31:32,SPY,777.3512,330
2026-01-02T09:31:32,QQQ,665.2750,576
2026-01-02T09:31:33,AAPL,290.3262,524
2026-01-02T09:31:33,MSFT,379.0245,139
2026-01-02T09:31:33,NVDA,191.5586,251
2026-01-02T09:31:33,TSLA,271.9337,490
2026-01-02T09:31:33,AMD,160.2685,411
2026-01-02T09:31:33,AMZN,270.8368,455
2026-01-02T09:31:33,META,549.3696,894
2026-01-02T09:31:33,GOOGL,368.1451,86
2026-01-02T09:31:33,SPY,777.9631,80
2026-01-02T09:31:33,QQQ,664.7129,389
2026-01-02T09:31:34,AAPL,290.0484,533
2026-01-02T09:31:34,MSFT,378.2276,456
2026-01-02T09:31:34,NVDA,191.4639,124
2026-01-02T09:31:34,TSLA,272.1382,371
2026-01-02T09:31:34,AMD,160.2496,614
2026-01-02T09:31:34,AMZN,271.1282,414
2026-01-02T09:31:34,META,549.9129,573
2026-01-02T09:31:34,GOOGL,368.2482,297
2026-01-02T09:31:34,SPY,777.0986,464
2026-01-02T09:31:34,QQQ,665.2101,306
2026-01-02T09:31:35,AAPL,289.6426,786
2026-01-02T09:31:35,MSFT,378.3614,555
2026-01-02T09:31:35,NVDA,191.5419,683
2026-01-02T09:31:35,TSLA,272.4046,816
2026-01-02T09:31:35,AMD,160.4612,103
2026-01-02T09:31:35,AMZN,271.0154,798
2026-01-02T09:31:35,META,549.6159,685
2026-01-02T09:31:35,GOOGL,368.3204,571
2026-01-02T09:31:35,SPY,777.2404,448
2026-01-02T09:31:35,QQQ,664.5858,521
2026-01-02T09:31:36,AAPL,289.9562,489
2026-01-02T09:31:36,MSFT,378.9107,691
2026-01-02T09:31:36,NVDA,191.5421,725
2026-01-02T09:31:36,TSLA,271.7482,576
2026-01-02T09:31:36,AMD,160.4118,375
2026-01-02T09:31:36,AMZN,271.0618,725
2026-01-02T09:31:36,META,548.9615,833
2026-01-02T09:31:36,GOOGL,367.6855,618
2026-01-02T09:31:36,SPY,776.6895,828
2026-01-02T09:31:36,QQQ,665.8694,277
2026-01-02T09:31:37,AAPL,289.8323,214
2026-01-02T09:31:37,MSFT,378.3873,397
2026-01-02T09:31:37,NVDA,191.6030,322
2026-01-02T09:31:37,TSLA,272.0419,548
2026-01-02T09:31:37,AMD,160.2142,290
2026-01-02T09:31:37,AMZN,271.2104,890
2026-01-02T09:31:37,META,549.4220,448
2026-01-02T09:31:37,GOOGL,367.5224,100
2026-01-02T09:31:37,SPY,777.6569,439
2026-01-02T09:31:37,QQQ,666.0394,882
2026-01-02T09:31:38,AAPL,289.5522,220
2026-01-02T09:31:38,MSFT,378.3295,754
2026-01-02T09:31:38,NVDA,191.5444,663
2026-01-02T09:31:38,TSLA,271.7522,231
2026-01-02T09:31:38,AMD,160.4101,215
2026-01-02T09:31:38,AMZN,271.1218,99
2026-01-02T09:31:38,META,548.6133,658
2026-01-02T09:31:38,GOOGL,368.4656,577
2026-01-02T09:31:38,SPY,778.5562,94
2026-01-02T09:31:38,QQQ,664.7753,535
2026-01-02T09:31:39,AAPL,289.5532,834
2026-01-02T09:31:39,MSFT,378.6825,200
2026-01-02T09:31:39,NVDA,191.6392,85
2026-01-02T09:31:39,TSLA,271.7103,666
2026-01-02T09:31:39,AMD,160.1301,163
2026-01-02T09:31:39,AMZN,270.3826,520
2026-01-02T09:31:39,META,549.1376,449
2026-01-02T09:31:39,GOOGL,368.4762,151
2026-01-02T09:31:39,SPY,778.6103,529
2026-01-02T09:31:39,QQQ,664.8694,204
2026-01-02T09:31:40,AAPL,290.1618,385
2026-01-02T09:31:40,MSFT,378.6297,775
2026-01-02T09:31:40,NVDA,191.4838,643
2026-01-02T09:31:40,TSLA,271.6912,631
2026-01-02T09:31:40,AMD,160.4410,141
2026-01-02T09:31:40,AMZN,270.5825,347
2026-01-02T09:31:40,META,548.9046,682
2026-01-02T09:31:40,GOOGL,368.5164,358
2026-01-02T09:31:40,SPY,778.1166,670
2026-01-02T09:31:40,QQQ,664.8472,427
2026-01-02T09:31:41,AAPL,289.9275,375
2026-01-02T09:31:41,MSFT,378.4312,275
2026-01-02T09:31:41,NVDA,191.5321,656
2026-01-02T09:31:41,TSLA,271.8765,553
2026-01-02T09:31:41,AMD,160.5624,85
2026-01-02T09:31:41,AMZN,270.9657,720
2026-01-02T09:31:41,META,549.0182,344
2026-01-02T09:31:41,GOOGL,367.7372,464
2026-01-02T09:31:41,SPY,778.1143,184
2026-01-02T09:31:41,QQQ,665.2621,476
2026-01-02T09:31:42,AAPL,290.2706,646
2026-01-02T09:31:42,MSFT,378.4485,782
2026-01-02T09:31:42,NVDA,191.6784,272
2026-01-02T09:31:42,TSLA,272.4129,326
2026-01-02T09:31:42,AMD,160.1480,174
2026-01-02T09:31:42,AMZN,270.4532,746
2026-01-02T09:31:42,META,549.5000,662
2026-01-02T09:31:42,GOOGL,367.5814,895
2026-01-02T09:31:42,SPY,778.6270,627
2026-01-02T09:31:42,QQQ,665.6872,200
2026-01-02T09:31:43,AAPL,289.7598,599
2026-01-02T09:31:43,MSFT,379.1452,263
2026-01-02T09:31:43,NVDA,191.5901,559
2026-01-02T09:31:43,TSLA,272.2776,416
2026-01-02T09:31:43,AMD,160.2129,315
2026-01-02T09:31:43,AMZN,270.5344,552
2026-01-02T09:31:43,META,548.9314,170
2026-01-02T09:31:43,GOOGL,368.5118,693
2026-01-02T09:31:43,SPY,777.5313,280
2026-01-02T09:31:43,QQQ,665.7813,254
2026-01-02T09:31:44,AAPL,289.5211,855
2026-01-02T09:31:44,MSFT,378.0488,171
2026-01-02T09:31:44,NVDA,191.3016,468
2026-01-02T09:31:44,TSLA,271.7646,690
2026-01-02T09:31:44,AMD,160.2950,836
2026-01-02T09:31:44,AMZN,270.8277,386
2026-01-02T09:31:44,META,548.9391,680
2026-01-02T09:31:44,GOOGL,367.5465,650
2026-01-02T09:31:44,SPY,777.3171,526
2026-01-02T09:31:44,QQQ,665.7419,310
2026-01-02T09:31:45,AAPL,289.6893,113
2026-01-02T09:31:45,MSFT,379.0634,159
2026-01-02T09:31:45,NVDA,191.6256,830
2026-01-02T09:31:45,TSLA,271.6943,513
2026-01-02T09:31:45,AMD,160.3632,654
2026-01-02T09:31:45,AMZN,270.9353,153
2026-01-02T09:31:45,META,549.9729,402
2026-01-02T09:31:45,GOOGL,368.5585,681
2026-01-02T09:31:45,SPY,778.3991,463
2026-01-02T09:31:45,QQQ,664.8026,769
2026-01-02T09:31:46,AAPL,290.1809,399
2026-01-02T09:31:46,MSFT,378.8674,766
2026-01-02T09:31:46,NVDA,191.7786,275
2026-01-02T09:31:46,TSLA,272.4118,716
2026-01-02T09:31:46,AMD,160.4642,614
2026-01-02T09:31:46,AMZN,270.6430,347
2026-01-02T09:31:46,META,549.1375,722
2026-01-02T09:31:46,GOOGL,368.5431,765
2026-01-02T09:31:46,SPY,777.0274,328
2026-01-02T09:31:46,QQQ,664.6919,648
2026-01-02T09:31:47,AAPL,289.7797,763
2026-01-02T09:31:47,MSFT,378.0701,365
2026-01-02T09:31:47,NVDA,191.3573,247
2026-01-02T09:31:47,TSLA,271.7456,508
2026-01-02T09:31:47,AMD,160.3890,386
2026-01-02T09:31:47,AMZN,270.9981,877
2026-01-02T09:31:47,META,549.3580,449
2026-01-02T09:31:47,GOOGL,368.0420,130
2026-01-02T09:31:47,SPY,777.5583,557
2026-01-02T09:31:47,QQQ,665.9225,641
2026-01-02T09:31:48,AAPL,289.8689,183
2026-01-02T09:31:48,MSFT,379.0051,209
2026-01-02T09:31:48,NVDA,191.3627,679
2026-01-02T09:31:48,TSLA,271.9459,306
2026-01-02T09:31:48,AMD,160.5690,126
2026-01-02T09:31:48,AMZN,270.6545,417
2026-01-02T09:31:48,META,548.5772,525
2026-01-02T09:31:48,GOOGL,368.2204,884
2026-01-02T09:31:48,SPY,776.7555,724
2026-01-02T09:31:48,QQQ,665.7338,170
2026-01-02T09:31:49,AAPL,289.5427,791
2026-01-02T09:31:49,MSFT,378.5298,116
2026-01-02T09:31:49,NVDA,191.2049,856
2026-01-02T09:31:49,TSLA,271.9195,732
2026-01-02T09:31:49,AMD,160.2355,482
2026-01-02T09:31:49,AMZN,270.7766,459
2026-01-02T09:31:49,META,549.8054,188
2026-01-02T09:31:49,GOOGL,367.5477,867
2026-01-02T09:31:49,SPY,778.6071,413
2026-01-02T09:31:49,QQQ,665.9252,284
2026-01-02T09:31:50,AAPL,289.3345,80
2026-01-02T09:31:50,MSFT,378.7561,852
2026-01-02T09:31:50,NVDA,191.5352,630
2026-01-02T09:31:50,TSLA,272.3770,881
2026-01-02T09:31:50,AMD,160.1565,897
2026-01-02T09:31:50,AMZN,271.0085,349
2026-01-02T09:31:50,META,548.4450,255
2026-01-02T09:31:50,GOOGL,367.7205,408
2026-01-02T09:31:50,SPY,777.9492,761
2026-01-02T09:31:50,QQQ,665.0017,117
2026-01-02T09:31:51,AAPL,289.4454,176
2026-01-02T09:31:51,MSFT,378.8802,707
2026-01-02T09:31:51,NVDA,191.5597,885
2026-01-02T09:31:51,TSLA,271.9160,841
2026-01-02T09:31:51,AMD,160.4263,617
2026-01-02T09:31:51,AMZN,270.8217,536
2026-01-02T09:31:51,META,549.0735,543
2026-01-02T09:31:51,GOOGL,367.9587,182
2026-01-02T09:31:51,SPY,778.5273,234
2026-01-02T09:31:51,QQQ,665.5171,213
2026-01-02T09:31:52,AAPL,289.9237,426
2026-01-02T09:31:52,MSFT,378.7880,123
2026-01-02T09:31:52,NVDA,191.3136,665
2026-01-02T09:31:52,TSLA,271.7075,242
2026-01-02T09:31:52,AMD,160.2025,570
2026-01-02T09:31:52,AMZN,271.0600,192
2026-01-02T09:31:52,META,548.5573,444
2026-01-02T09:31:52,GOOGL,367.8192,425
2026-01-02T09:31:52,SPY,777.0048,438
2026-01-02T09:31:52,QQQ,664.8068,240
2026-01-02T09:31:53,AAPL,289.5655,295
2026-01-02T09:31:53,MSFT,378.6074,686
2026-01-02T09:31:53,NVDA,191.3145,401
2026-01-02T09:31:53,TSLA,272.3016,572
2026-01-02T09:31:53,AMD,160.5755,317
2026-01-02T09:31:53,AMZN,270.7423,215
2026-01-02T09:31:53,META,549.4290,484
2026-01-02T09:31:53,GOOGL,367.6519,777
2026-01-02T09:31:53,SPY,777.5112,497
2026-01-02T09:31:53,QQQ,665.5297,449
2026-01-02T09:31:54,AAPL,289.4310,815
2026-01-02T09:31:54,MSFT,377.9262,218
2026-01-02T09:31:54,NVDA,191.5576,617
2026-01-02T09:31:54,TSLA,272.0467,234
2026-01-02T09:31:54,AMD,160.5163,633
2026-01-02T09:31:54,AMZN,270.4670,599
2026-01-02T09:31:54,META,549.7617,513
2026-01-02T09:31:54,GOOGL,368.0167,611
2026-01-02T09:31:54,SPY,778.9076,767
2026-01-02T09:31:54,QQQ,664.7838,403
2026-01-02T09:31:55,AAPL,290.0176,517
2026-01-02T09:31:55,MSFT,378.0396,716
2026-01-02T09:31:55,NVDA,191.4975,726
2026-01-02T09:31:55,TSLA,272.0650,525
2026-01-02T09:31:55,AMD,160.1839,176
2026-01-02T09:31:55,AMZN,270.3726,822
2026-01-02T09:31:55,META,548.5499,537
2026-01-02T09:31:55,GOOGL,367.8775,292
2026-01-02T09:31:55,SPY,777.1193,512
2026-01-02T09:31:55,QQQ,666.4332,896
2026-01-02T09:31:56,AAPL,290.0784,629
2026-01-02T09:31:56,MSFT,378.2431,499
2026-01-02T09:31:56,NVDA,191.2624,311
2026-01-02T09:31:56,TSLA,272.0043,552
2026-01-02T09:31:56,AMD,160.2441,155
2026-01-02T09:31:56,AMZN,270.2428,618
2026-01-02T09:31:56,META,548.9721,568
2026-01-02T09:31:56,GOOGL,368.3201,793
2026-01-02T09:31:56,SPY,778.3615,887
2026-01-02T09:31:56,QQQ,665.8502,755
2026-01-02T09:31:57,AAPL,289.7558,883
2026-01-02T09:31:57,MSFT,378.6811,257
2026-01-02T09:31:57,NVDA,191.5559,435
2026-01-02T09:31:57,TSLA,272.0938,764
2026-01-02T09:31:57,AMD,160.4511,806
2026-01-02T09:31:57,AMZN,270.6306,604
2026-01-02T09:31:57,META,548.5080,136
2026-01-02T09:31:57,GOOGL,368.5079,189
2026-01-02T09:31:57,SPY,777.4055,401
2026-01-02T09:31:57,QQQ,665.8222,112
2026-01-02T09:31:58,AAPL,289.7843,683
2026-01-02T09:31:58,MSFT,378.1626,762
2026-01-02T09:31:58,NVDA,191.6191,91
2026-01-02T09:31:58,TSLA,272.1201,510
2026-01-02T09:31:58,AMD,160.3464,255
2026-01-02T09:31:58,AMZN,270.9388,392
2026-01-02T09:31:58,META,549.6000,790
2026-01-02T09:31:58,GOOGL,368.0257,751
2026-01-02T09:31:58,SPY,778.7656,273
2026-01-02T09:31:58,QQQ,665.9274,308
2026-01-02T09:31:59,AAPL,289.4922,140
2026-01-02T09:31:59,MSFT,378.6426,426
2026-01-02T09:31:59,NVDA,191.5182,227
2026-01-02T09:31:59,TSLA,272.0892,844
2026-01-02T09:31:59,AMD,160.6467,213
2026-01-02T09:31:59,AMZN,270.6461,362
2026-01-02T09:31:59,META,549.6527,897
2026-01-02T09:31:59,GOOGL,368.3319,765
2026-01-02T09:31:59,SPY,777.9430,807
2026-01-02T09:31:59,QQQ,664.7690,437
2026-01-02T09:31:00,AAPL,290.0664,740
2026-01-02T09:31:00,MSFT,378.2467,875
2026-01-02T09:31:00,NVDA,191.5127,517
2026-01-02T09:31:00,TSLA,271.5295,179
2026-01-02T09:31:00,AMD,160.5615,253
2026-01-02T09:31:00,AMZN,270.2728,194
2026-01-02T09:31:00,META,549.1864,251
2026-01-02T09:31:00,GOOGL,368.0131,715
2026-01-02T09:31:00,SPY,777.0460,519
2026-01-02T09:31:00,QQQ,664.8643,871
2026-01-02T09:31:01,AAPL,289.6703,559
2026-01-02T09:31:01,MSFT,378.6227,203
2026-01-02T09:31:01,NVDA,191.4406,578
2026-01-02T09:31:01,TSLA,271.8150,269
2026-01-02T09:31:01,AMD,160.6201,320
2026-01-02T09:31:01,AMZN,270.7696,224
2026-01-02T09:31:01,META,548.1618,93
2026-01-02T09:31:01,GOOGL,367.7826,741
2026-01-02T09:31:01,SPY,778.2380,346
2026-01-02T09:31:01,QQQ,665.1371,249
2026-01-02T09:31:02,AAPL,289.9075,144
2026-01-02T09:31:02,MSFT,378.4902,576
2026-01-02T09:31:02,NVDA,191.1473,283
2026-01-02T09:31:02,TSLA,271.9550,504
2026-01-02T09:31:02,AMD,160.5440,896
2026-01-02T09:31:02,AMZN,270.8058,527
2026-01-02T09:31:02,META,549.3793,534
2026-01-02T09:31:02,GOOGL,367.7870,616
2026-01-02T09:31:02,SPY,777.7451,316
2026-01-02T09:31:02,QQQ,665.8553,204
2026-01-02T09:31:03,AAPL,289.7864,725
2026-01-02T09:31:03,MSFT,377.9858,306
2026-01-02T09:31:03,NVDA,191.6345,385
2026-01-02T09:31:03,TSLA,271.8395,311
2026-01-02T09:31:03,AMD,160.4276,866
2026-01-02T09:31:03,AMZN,270.2563,736
2026-01-02T09:31:03,META,548.2473,123
2026-01-02T09:31:03,GOOGL,367.8593,108
2026-01-02T09:31:03,SPY,778.4337,404
2026-01-02T09:31:03,QQQ,666.7184,481
2026-01-02T09:31:04,AAPL,289.3614,287
2026-01-02T09:31:04,MSFT,378.1698,613
2026-01-02T09:31:04,NVDA,191.4511,418
2026-01-02T09:31:04,TSLA,272.1588,451
2026-01-02T09:31:04,AMD,160.5136,585
2026-01-02T09:31:04,AMZN,270.9151,241
2026-01-02T09:31:04,META,549.0770,808
2026-01-02T09:31:04,GOOGL,368.8061,366
2026-01-02T09:31:04,SPY,777.0774,807
2026-01-02T09:31:04,QQQ,665.6063,830
2026-01-02T09:31:05,AAPL,289.5941,502
2026-01-02T09:31:05,MSFT,377.9770,123
2026-01-02T09:31:05,NVDA,191.4992,762
2026-01-02T09:31:05,TSLA,271.9853,224
2026-01-02T09:31:05,AMD,160.5876,306
2026-01-02T09:31:05,AMZN,270.5077,876
2026-01-02T09:31:05,META,549.4998,240
2026-01-02T09:31:05,GOOGL,367.8693,357
2026-01-02T09:31:05,SPY,777.4768,292
2026-01-02T09:31:05,QQQ,666.0963,662
2026-01-02T09:31:06,AAPL,289.7355,173
2026-01-02T09:31:06,MSFT,378.0217,581
2026-01-02T09:31:06,NVDA,191.6293,555
2026-01-02T09:31:06,TSLA,271.8298,197
2026-01-02T09:31:06,AMD,160.3877,872
2026-01-02T09:31:06,AMZN,270.8923,570
2026-01-02T09:31:06,META,549.0323,782
2026-01-02T09:31:06,GOOGL,368.4408,515
2026-01-02T09:31:06,SPY,779.3537,326
2026-01-02T09:31:06,QQQ,666.6997,287
2026-01-02T09:31:07,AAPL,289.6901,699
2026-01-02T09:31:07,MSFT,378.5784,528
2026-01-02T09:31:07,NVDA,191.2422,160
2026-01-02T09:31:07,TSLA,271.4903,487
2026-01-02T09:31:07,AMD,160.4938,897
2026-01-02T09:31:07,AMZN,270.1250,269
2026-01-02T09:31:07,META,548.7556,90
2026-01-02T09:31:07,GOOGL,368.0613,689
2026-01-02T09:31:07,SPY,779.2546,142
2026-01-02T09:31:07,QQQ,666.4585,825
2026-01-02T09:31:08,AAPL,289.3207,561
2026-01-02T09:31:08,MSFT,378.4434,210
2026-01-02T09:31:08,NVDA,191.3572,217
2026-01-02T09:31:08,TSLA,271.4446,142
2026-01-02T09:31:08,AMD,160.5601,491
2026-01-02T09:31:08,AMZN,270.6954,810
2026-01-02T09:31:08,META,548.5872,381
2026-01-02T09:31:08,GOOGL,368.8116,561
2026-01-02T09:31:08,SPY,778.8787,232
2026-01-02T09:31:08,QQQ,665.8137,777
2026-01-02T09:31:09,AAPL,289.5381,427
2026-01-02T09:31:09,MSFT,378.3487,221
2026-01-02T09:31:09,NVDA,191.3017,464
2026-01-02T09:31:09,TSLA,271.5809,521
2026-01-02T09:31:09,AMD,160.3489,233
2026-01-02T09:31:09,AMZN,270.5347,424
2026-01-02T09:31:09,META,548.7993,693
2026-01-02T09:31:09,GOOGL,368.8830,166
2026-01-02T09:31:09,SPY,778.6537,657
2026-01-02T09:31:09,QQQ,666.4450,825
2026-01-02T09:31:10,AAPL,289.7637,187
2026-01-02T09:31:10,MSFT,378.8303,749
2026-01-02T09:31:10,NVDA,191.6039,882
2026-01-02T09:31:10,TSLA,272.2063,190
2026-01-02T09:31:10,AMD,160.3571,859
2026-01-02T09:31:10,AMZN,270.1663,277
2026-01-02T09:31:10,META,549.2004,91
2026-01-02T09:31:10,GOOGL,368.7287,729
2026-01-02T09:31:10,SPY,777.6212,470
2026-01-02T09:31:10,QQQ,665.9267,849
2026-01-02T09:31:11,AAPL,289.9113,317
2026-01-02T09:31:11,MSFT,377.7884,577
2026-01-02T09:31:11,NVDA,191.2022,150
2026-01-02T09:31:11,TSLA,272.1031,703
2026-01-02T09:31:11,AMD,160.6963,849
2026-01-02T09:31:11,AMZN,270.6956,108
2026-01-02T09:31:11,META,548.2151,222
2026-01-02T09:31:11,GOOGL,368.6782,616
2026-01-02T09:31:11,SPY,777.7321,617
2026-01-02T09:31:11,QQQ,665.5960,684
2026-01-02T09:31:12,AAPL,289.7744,297
2026-01-02T09:31:12,MSFT,378.6854,324
2026-01-02T09:31:12,NVDA,191.4164,319
2026-01-02T09:31:12,TSLA,271.9022,341
2026-01-02T09:31:12,AMD,160.7313,900
2026-01-02T09:31:12,AMZN,270.1610,752
2026-01-02T09:31:12,META,548.6092,621
2026-01-02T09:31:12,GOOGL,368.7967,332
2026-01-02T09:31:12,SPY,778.6958,861
2026-01-02T09:31:12,QQQ,666.8388,696
2026-01-02T09:31:13,AAPL,289.2837,897
2026-01-02T09:31:13,MSFT,378.4116,876
2026-01-02T09:31:13,NVDA,191.3367,657
2026-01-02T09:31:13,TSLA,271.3750,661
2026-01-02T09:31:13,AMD,160.6796,691
2026-01-02T09:31:13,AMZN,270.7004,604
2026-01-02T09:31:13,META,548.1737,221
2026-01-02T09:31:13,GOOGL,367.9227,281
2026-01-02T09:31:13,SPY,777.6037,494
2026-01-02T09:31:13,QQQ,666.4421,507
2026-01-02T09:31:14,AAPL,289.8441,727
2026-01-02T09:31:14,MSFT,378.6262,552
2026-01-02T09:31:14,NVDA,191.1820,138
2026-01-02T09:31:14,TSLA,272.1246,751
2026-01-02T09:31:14,AMD,160.6256,504
2026-01-02T09:31:14,AMZN,270.8599,347
2026-01-02T09:31:14,META,548.9437,80
2026-01-02T09:31:14,GOOGL,368.6156,816
2026-01-02T09:31:14,SPY,778.2056,83
2026-01-02T09:31:14,QQQ,666.9887,424
2026-01-02T09:31:15,AAPL,289.7998,733
2026-01-02T09:31:15,MSFT,378.4386,542
2026-01-02T09:31:15,NVDA,191.3519,102
2026-01-02T09:31:15,TSLA,271.8590,87
2026-01-02T09:31:15,AMD,160.5823,584
2026-01-02T09:31:15,AMZN,270.3814,601
2026-01-02T09:31:15,META,549.3621,310
2026-01-02T09:31:15,GOOGL,368.1340,322
2026-01-02T09:31:15,SPY,777.4820,593
2026-01-02T09:31:15,QQQ,666.3639,793
2026-01-02T09:31:16,AAPL,289.6653,314
2026-01-02T09:31:16,MSFT,378.2002,778
2026-01-02T09:31:16,NVDA,191.4042,675
2026-01-02T09:31:16,TSLA,272.1311,302
2026-01-02T09:31:16,AMD,160.3560,597
2026-01-02T09:31:16,AMZN,270.7445,831
2026-01-02T09:31:16,META,548.6173,764
2026-01-02T09:31:16,GOOGL,368.5693,524
2026-01-02T09:31:16,SPY,778.1940,187
2026-01-02T09:31:16,QQQ,666.1184,168
2026-01-02T09:31:17,AAPL,289.3013,605
2026-01-02T09:31:17,MSFT,377.8569,289
2026-01-02T09:31:17,NVDA,191.0134,369
2026-01-02T09:31:17,TSLA,272.0077,835
2026-01-02T09:31:17,AMD,160.4492,685
2026-01-02T09:31:17,AMZN,270.1562,245
2026-01-02T09:31:17,META,548.0760,436
2026-01-02T09:31:17,GOOGL,368.9432,358
2026-01-02T09:31:17,SPY,778.7763,134
2026-01-02T09:31:17,QQQ,666.1520,594
2026-01-02T09:31:18,AAPL,289.5638,358
2026-01-02T09:31:18,MSFT,378.6097,525
2026-01-02T09:31:18,NVDA,191.4212,461
2026-01-02T09:31:18,TSLA,271.5673,590
2026-01-02T09:31:18,AMD,160.7704,148
2026-01-02T09:31:18,AMZN,270.0816,111
2026-01-02T09:31:18,META,548.7244,673
2026-01-02T09:31:18,GOOGL,368.7920,642
2026-01-02T09:31:18,SPY,778.1797,411
2026-01-02T09:31:18,QQQ,666.9041,590
2026-01-02T09:31:19,AAPL,289.7469,83
2026-01-02T09:31:19,MSFT,378.1653,896
2026-01-02T09:31:19,NVDA,191.0061,800
2026-01-02T09:31:19,TSLA,271.5103,289
2026-01-02T09:31:19,AMD,160.6558,343
2026-01-02T09:31:19,AMZN,270.3828,239
2026-01-02T09:31:19,META,548.8748,600
2026-01-02T09:31:19,GOOGL,368.9000,205
2026-01-02T09:31:19,SPY,778.9619,268
2026-01-02T09:31:19,QQQ,665.2395,666
2026-01-02T09:32:20,AAPL,289.6272,241
2026-01-02T09:32:20,MSFT,378.4855,277
2026-01-02T09:32:20,NVDA,191.2288,724
2026-01-02T09:32:20,TSLA,272.0524,300
2026-01-02T09:32:20,AMD,160.4573,676
2026-01-02T09:32:20,AMZN,270.6000,697
2026-01-02T09:32:20,META,548.1021,122
2026-01-02T09:32:20,GOOGL,368.1987,510
2026-01-02T09:32:20,SPY,779.3588,391
2026-01-02T09:32:20,QQQ,666.5634,821
2026-01-02T09:32:21,AAPL,289.1310,476
2026-01-02T09:32:21,MSFT,378.6588,858
2026-01-02T09:32:21,NVDA,191.0535,544
2026-01-02T09:32:21,TSLA,271.9157,312
2026-01-02T09:32:21,AMD,160.7044,557
2026-01-02T09:32:21,AMZN,270.6088,655
2026-01-02T09:32:21,META,548.7532,757
2026-01-02T09:32:21,GOOGL,368.0467,141
2026-01-02T09:32:21,SPY,778.9467,313
2026-01-02T09:32:21,QQQ,666.7594,315
2026-01-02T09:32:22,AAPL,289.5534,707
2026-01-02T09:32:22,MSFT,378.4922,642
2026-01-02T09:32:22,NVDA,191.4496,185
2026-01-02T09:32:22,TSLA,271.9655,680
2026-01-02T09:32:22,AMD,160.3224,196
2026-01-02T09:32:22,AMZN,270.6033,283
2026-01-02T09:32:22,META,548.3983,856
2026-01-02T09:32:22,GOOGL,368.0921,370
2026-01-02T09:32:22,SPY,778.0554,291
2026-01-02T09:32:22,QQQ,666.2756,326
2026-01-02T09:32:23,AAPL,289.3196,322
2026-01-02T09:32:23,MSFT,378.3129,752
2026-01-02T09:32:23,NVDA,191.4744,339
2026-01-02T09:32:23,TSLA,271.6702,448
2026-01-02T09:32:23,AMD,160.5749,752
2026-01-02T09:32:23,AMZN,270.5813,478
2026-01-02T09:32:23,META,549.0223,341
2026-01-02T09:32:23,GOOGL,368.8250,789
2026-01-02T09:32:23,SPY,778.7555,701
2026-01-02T09:32:23,QQQ,666.9124,800
2026-01-02T09:32:24,AAPL,288.9964,604
2026-01-02T09:32:24,MSFT,378.1514,216
2026-01-02T09:32:24,NVDA,191.0092,850
2026-01-02T09:32:24,TSLA,271.4386,692
2026-01-02T09:32:24,AMD,160.5230,784
2026-01-02T09:32:24,AMZN,270.6384,629
2026-01-02T09:32:24,META,548.7973,871
2026-01-02T09:32:24,GOOGL,368.9357,828
2026-01-02T09:32:24,SPY,778.8593,889
2026-01-02T09:32:24,QQQ,666.5070,632
2026-01-02T09:32:25,AAPL,289.1915,267
2026-01-02T09:32:25,MSFT,378.4485,132
2026-01-02T09:32:25,NVDA,191.2237,525
2026-01-02T09:32:25,TSLA,271.6795,631
2026-01-02T09:32:25,AMD,160.3855,760
2026-01-02T09:32:25,AMZN,270.5877,103
2026-01-02T09:32:25,META,548.9683,780
2026-01-02T09:32:25,GOOGL,368.0113,633
2026-01-02T09:32:25,SPY,779.5213,608
2026-01-02T09:32:25,QQQ,666.9834,718
2026-01-02T09:32:26,AAPL,289.4229,695
2026-01-02T09:32:26,MSFT,378.2520,830
2026-01-02T09:32:26,NVDA,191.2122,346
2026-01-02T09:32:26,TSLA,271.8368,804
2026-01-02T09:32:26,AMD,160.6077,652
2026-01-02T09:32:26,AMZN,270.6011,227
2026-01-02T09:32:26,META,547.7791,119
2026-01-02T09:32:26,GOOGL,368.2390,524
2026-01-02T09:32:26,SPY,778.0922,289
2026-01-02T09:32:26,QQQ,666.9404,700
2026-01-02T09:32:27,AAPL,289.6928,295
2026-01-02T09:32:27,MSFT,378.1326,476
2026-01-02T09:32:27,NVDA,191.0460,648
2026-01-02T09:32:27,TSLA,271.6004,639
2026-01-02T09:32:27,AMD,160.6241,445
2026-01-02T09:32:27,AMZN,270.5959,488
2026-01-02T09:32:27,META,548.3700,201
2026-01-02T09:32:27,GOOGL,368.3614,489
2026-01-02T09:32:27,SPY,778.2310,227
2026-01-02T09:32:27,QQQ,665.8015,839
2026-01-02T09:32:28,AAPL,289.0676,893
2026-01-02T09:32:28,MSFT,377.5748,228
2026-01-02T09:32:28,NVDA,191.2980,433
2026-01-02T09:32:28,TSLA,271.2564,449
2026-01-02T09:32:28,AMD,160.6068,426
2026-01-02T09:32:28,AMZN,270.1082,763
2026-01-02T09:32:28,META,548.7604,674
2026-01-02T09:32:28,GOOGL,368.6409,257
2026-01-02T09:32:28,SPY,777.8411,545
2026-01-02T09:32:28,QQQ,665.7577,479
2026-01-02T09:32:29,AAPL,289.3328,544
2026-01-02T09:32:29,MSFT,377.9431,819
2026-01-02T09:32:29,NVDA,191.2084,886
2026-01-02T09:32:29,TSLA,271.5792,577
2026-01-02T09:32:29,AMD,160.6301,598
2026-01-02T09:32:29,AMZN,270.2718,321
2026-01-02T09:32:29,META,548.2583,195
2026-01-02T09:32:29,GOOGL,368.4666,323
2026-01-02T09:32:29,SPY,779.5080,577
2026-01-02T09:32:29,QQQ,665.7010,296
2026-01-02T09:32:30,AAPL,289.5569,699
2026-01-02T09:32:30,MSFT,378.0019,101
2026-01-02T09:32:30,NVDA,191.2476,720
2026-01-02T09:32:30,TSLA,271.3264,532
2026-01-02T09:32:30,AMD,160.5546,417
2026-01-02T09:32:30,AMZN,270.3329,429
2026-01-02T09:32:30,META,547.8292,482
2026-01-02T09:32:30,GOOGL,368.4135,351
2026-01-02T09:32:30,SPY,777.9259,574
2026-01-02T09:32:30,QQQ,666.9570,263
2026-01-02T09:32:31,AAPL,289.2619,103
2026-01-02T09:32:31,MSFT,378.2798,325
2026-01-02T09:32:31,NVDA,190.9150,833
2026-01-02T09:32:31,TSLA,271.8229,155
2026-01-02T09:32:31,AMD,160.6965,261
2026-01-02T09:32:31,AMZN,270.0808,154
2026-01-02T09:32:31,META,549.1327,187
2026-01-02T09:32:31,GOOGL,368.9085,539
2026-01-02T09:32:31,SPY,779.4615,810
2026-01-02T09:32:31,QQQ,666.9807,152
2026-01-02T09:32:32,AAPL,289.7157,660
2026-01-02T09:32:32,MSFT,378.0457,176
2026-01-02T09:32:32,NVDA,190.9999,870
2026-01-02T09:32:32,TSLA,271.2166,383
2026-01-02T09:32:32,AMD,160.4067,186
2026-01-02T09:32:32,AMZN,270.0211,485
2026-01-02T09:32:32,META,548.6356,875
2026-01-02T09:32:32,GOOGL,368.1422,606
2026-01-02T09:32:32,SPY,779.3373,341
2026-01-02T09:32:32,QQQ,665.8193,588
2026-01-02T09:32:33,AAPL,289.7456,394
2026-01-02T09:32:33,MSFT,377.4638,595
2026-01-02T09:32:33,NVDA,190.9285,603
2026-01-02T09:32:33,TSLA,271.8526,833
2026-01-02T09:32:33,AMD,160.6414,877
2026-01-02T09:32:33,AMZN,270.1738,854
2026-01-02T09:32:33,META,548.4699,742
2026-01-02T09:32:33,GOOGL,368.4854,102
2026-01-02T09:32:33,SPY,779.9645,641
2026-01-02T09:32:33,QQQ,666.0934,176
2026-01-02T09:32:34,AAPL,289.0800,500
2026-01-02T09:32:34,MSFT,377.9886,345
2026-01-02T09:32:34,NVDA,190.9869,357
2026-01-02T09:32:34,TSLA,271.8706,548
2026-01-02T09:32:34,AMD,160.7730,168
2026-01-02T09:32:34,AMZN,270.1006,373
2026-01-02T09:32:34,META,547.5065,652
2026-01-02T09:32:34,GOOGL,368.8339,182
2026-01-02T09:32:34,SPY,780.0708,191
2026-01-02T09:32:34,QQQ,666.1560,751
2026-01-02T09:32:35,AAPL,289.5283,158
2026-01-02T09:32:35,MSFT,378.2071,452
2026-01-02T09:32:35,NVDA,191.3261,466
2026-01-02T09:32:35,TSLA,271.5200,464
2026-01-02T09:32:35,AMD,160.4299,84
2026-01-02T09:32:35,AMZN,270.2876,280
2026-01-02T09:32:35,META,547.6098,92
2026-01-02T09:32:35,GOOGL,368.4315,295
2026-01-02T09:32:35,SPY,780.1830,838
2026-01-02T09:32:35,QQQ,665.9149,144
2026-01-02T09:32:36,AAPL,289.6946,613
2026-01-02T09:32:36,MSFT,378.4479,372
2026-01-02T09:32:36,NVDA,191.0531,384
2026-01-02T09:32:36,TSLA,271.5223,283
2026-01-02T09:32:36,AMD,160.6375,648
2026-01-02T09:32:36,AMZN,270.3687,685
2026-01-02T09:32:36,META,548.5971,230
2026-01-02T09:32:36,GOOGL,368.5899,576
2026-01-02T09:32:36,SPY,778.2396,479
2026-01-02T09:32:36,QQQ,666.3132,783
2026-01-02T09:32:37,AAPL,289.4570,805
2026-01-02T09:32:37,MSFT,377.7648,894
2026-01-02T09:32:37,NVDA,191.0760,664
2026-01-02T09:32:37,TSLA,271.3351,835
2026-01-02T09:32:37,AMD,160.8101,613
2026-01-02T09:32:37,AMZN,269.9353,556
2026-01-02T09:32:37,META,548.9725,570
2026-01-02T09:32:37,GOOGL,368.6057,330
2026-01-02T09:32:37,SPY,778.9285,856
2026-01-02T09:32:37,QQQ,666.6250,734
2026-01-02T09:32:38,AAPL,289.4952,395
2026-01-02T09:32:38,MSFT,378.0931,490
2026-01-02T09:32:38,NVDA,191.1647,183
2026-01-02T09:32:38,TSLA,271.9410,598
2026-01-02T09:32:38,AMD,160.7823,530
2026-01-02T09:32:38,AMZN,270.2654,309
2026-01-02T09:32:38,META,547.6331,488
2026-01-02T09:32:38,GOOGL,368.8538,384
2026-01-02T09:32:38,SPY,777.9603,679
2026-01-02T09:32:38,QQQ,666.2121,284
2026-01-02T09:32:39,AAPL,288.8361,562
2026-01-02T09:32:39,MSFT,378.3844,735
2026-01-02T09:32:39,NVDA,191.0150,688
2026-01-02T09:32:39,TSLA,271.9118,441
2026-01-02T09:32:39,AMD,160.8805,206
2026-01-02T09:32:39,AMZN,269.8609,507
2026-01-02T09:32:39,META,548.7458,867
2026-01-02T09:32:39,GOOGL,369.2732,243
2026-01-02T09:32:39,SPY,779.3853,541
2026-01-02T09:32:39,QQQ,665.9446,828
2026-01-02T09:32:40,AAPL,289.0285,726
2026-01-02T09:32:40,MSFT,377.3030,786
2026-01-02T09:32:40,NVDA,191.1653,526
2026-01-02T09:32:40,TSLA,271.8957,804
2026-01-02T09:32:40,AMD,160.5338,91
2026-01-02T09:32:40,AMZN,270.1938,731
2026-01-02T09:32:40,META,548.5303,839
2026-01-02T09:32:40,GOOGL,368.7794,774
2026-01-02T09:32:40,SPY,778.4989,347
2026-01-02T09:32:40,QQQ,666.9813,850
2026-01-02T09:32:41,AAPL,288.9925,692
2026-01-02T09:32:41,MSFT,378.0482,853
2026-01-02T09:32:41,NVDA,191.2917,829
2026-01-02T09:32:41,TSLA,271.6046,826
2026-01-02T09:32:41,AMD,160.7897,417
2026-01-02T09:32:41,AMZN,270.4426,495
2026-01-02T09:32:41,META,548.1659,772
2026-01-02T09:32:41,GOOGL,368.3775,865
2026-01-02T09:32:41,SPY,779.3109,853
2026-01-02T09:32:41,QQQ,666.0105,813
2026-01-02T09:32:42,AAPL,288.9756,558
2026-01-02T09:32:42,MSFT,377.3452,417
2026-01-02T09:32:42,NVDA,191.2329,350
2026-01-02T09:32:42,TSLA,271.6146,560
2026-01-02T09:32:42,AMD,160.7007,124
2026-01-02T09:32:42,AMZN,270.2215,147
2026-01-02T09:32:42,META,548.2328,818
2026-01-02T09:32:42,GOOGL,369.1279,675
2026-01-02T09:32:42,SPY,780.0586,184
2026-01-02T09:32:42,QQQ,666.8600,465
2026-01-02T09:32:43,AAPL,288.9223,721
2026-01-02T09:32:43,MSFT,377.4012,308
2026-01-02T09:32:43,NVDA,190.8884,858
2026-01-02T09:32:43,TSLA,271.2585,120
2026-01-02T09:32:43,AMD,160.5281,217
2026-01-02T09:32:43,AMZN,270.1359,711
2026-01-02T09:32:43,META,547.6030,522
2026-01-02T09:32:43,GOOGL,368.7973,367
2026-01-02T09:32:43,SPY,778.3418,512
2026-01-02T09:32:43,QQQ,667.4539,597
2026-01-02T09:32:44,AAPL,289.4261,351
2026-01-02T09:32:44,MSFT,378.3160,113
2026-01-02T09:32:44,NVDA,191.1971,739
2026-01-02T09:32:44,TSLA,271.4218,91
2026-01-02T09:32:44,AMD,160.5427,727
2026-01-02T09:32:44,AMZN,270.5572,839
2026-01-02T09:32:44,META,547.7642,662
2026-01-02T09:32:44,GOOGL,369.1774,890
2026-01-02T09:32:44,SPY,779.2421,307
2026-01-02T09:32:44,QQQ,666.7364,580
2026-01-02T09:32:45,AAPL,289.0259,675
2026-01-02T09:32:45,MSFT,377.6164,150
2026-01-02T09:32:45,NVDA,190.9875,627
2026-01-02T09:32:45,TSLA,271.5541,715
2026-01-02T09:32:45,AMD,160.7377,172
2026-01-02T09:32:45,AMZN,269.8762,537
2026-01-02T09:32:45,META,547.6373,663
2026-01-02T09:32:45,GOOGL,368.4567,463
2026-01-02T09:32:45,SPY,779.1039,483
2026-01-02T09:32:45,QQQ,666.0107,280
2026-01-02T09:32:46,AAPL,288.8630,648
2026-01-02T09:32:46,MSFT,377.8298,679
2026-01-02T09:32:46,NVDA,191.1325,869
2026-01-02T09:32:46,TSLA,271.1682,321
2026-01-02T09:32:46,AMD,160.6486,138
2026-01-02T09:32:46,AMZN,270.5345,494
2026-01-02T09:32:46,META,547.9609,782
2026-01-02T09:32:46,GOOGL,369.3417,792
2026-01-02T09:32:46,SPY,778.7708,130
2026-01-02T09:32:46,QQQ,666.3329,500
2026-01-02T09:32:47,AAPL,289.4240,250
2026-01-02T09:32:47,MSFT,378.1953,354
2026-01-02T09:32:47,NVDA,190.9930,131
2026-01-02T09:32:47,TSLA,271.5273,131
2026-01-02T09:32:47,AMD,160.4621,446
2026-01-02T09:32:47,AMZN,270.4869,577
2026-01-02T09:32:47,META,547.8786,310
2026-01-02T09:32:47,GOOGL,368.9808,805
2026-01-02T09:32:47,SPY,779.7325,154
2026-01-02T09:32:47,QQQ,666.1655,891
2026-01-02T09:32:48,AAPL,289.2521,597
2026-01-02T09:32:48,MSFT,377.5478,872
2026-01-02T09:32:48,NVDA,191.0644,698
2026-01-02T09:32:48,TSLA,271.2741,671
2026-01-02T09:32:48,AMD,160.8191,154
2026-01-02T09:32:48,AMZN,270.5158,320
2026-01-02T09:32:48,META,548.3163,845
2026-01-02T09:32:48,GOOGL,368.3540,784
2026-01-02T09:32:48,SPY,778.9661,384
2026-01-02T09:32:48,QQQ,667.2053,752
2026-01-02T09:32:49,AAPL,288.9389,857
2026-01-02T09:32:49,MSFT,377.2962,656
2026-01-02T09:32:49,NVDA,191.1168,377
2026-01-02T09:32:49,TSLA,271.8096,189
2026-01-02T09:32:49,AMD,160.5408,240
2026-01-02T09:32:49,AMZN,269.7699,157
2026-01-02T09:32:49,META,547.8120,168
2026-01-02T09:32:49,GOOGL,369.1374,701
2026-01-02T09:32:49,SPY,778.3959,450
2026-01-02T09:32:49,QQQ,666.9701,873
2026-01-02T09:32:50,AAPL,289.0963,899
2026-01-02T09:32:50,MSFT,377.8189,638
2026-01-02T09:32:50,NVDA,191.1585,291
2026-01-02T09:32:50,TSLA,271.6271,462
2026-01-02T09:32:50,AMD,160.7033,347
2026-01-02T09:32:50,AMZN,270.2686,844
2026-01-02T09:32:50,META,548.0946,137
2026-01-02T09:32:50,GOOGL,368.9610,147
2026-01-02T09:32:50,SPY,780.5658,362
2026-01-02T09:32:50,QQQ,665.9140,859
2026-01-02T09:32:51,AAPL,288.9063,534
2026-01-02T09:32:51,MSFT,377.9525,788
2026-01-02T09:32:51,NVDA,191.3282,772
2026-01-02T09:32:51,TSLA,271.1081,847
2026-01-02T09:32:51,AMD,160.5063,200
2026-01-02T09:32:51,AMZN,270.0240,893
2026-01-02T09:32:51,META,547.9023,625
2026-01-02T09:32:51,GOOGL,368.8907,420
2026-01-02T09:32:51,SPY,779.8601,480
2026-01-02T09:32:51,QQQ,666.5866,702
2026-01-02T09:32:52,AAPL,288.9115,690
2026-01-02T09:32:52,MSFT,377.9198,181
2026-01-02T09:32:52,NVDA,190.8165,708
2026-01-02T09:32:52,TSLA,271.6039,769
2026-01-02T09:32:52,AMD,160.6372,877
2026-01-02T09:32:52,AMZN,270.0176,676
2026-01-02T09:32:52,META,547.6588,291
2026-01-02T09:32:52,GOOGL,368.6561,611
2026-01-02T09:32:52,SPY,779.1982,149
2026-01-02T09:32:52,QQQ,666.8849,119
2026-01-02T09:32:53,AAPL,288.9815,808
2026-01-02T09:32:53,MSFT,377.5618,813
2026-01-02T09:32:53,NVDA,190.8058,834
2026-01-02T09:32:53,TSLA,271.3862,130
2026-01-02T09:32:53,AMD,160.8115,644
2026-01-02T09:32:53,AMZN,269.9195,454
2026-01-02T09:32:53,META,547.4192,107
2026-01-02T09:32:53,GOOGL,368.5453,425
2026-01-02T09:32:53,SPY,780.5687,310
2026-01-02T09:32:53,QQQ,666.9713,678
2026-01-02T09:32:54,AAPL,289.5073,525
2026-01-02T09:32:54,MSFT,377.7462,554
2026-01-02T09:32:54,NVDA,191.1468,890
2026-01-02T09:32:54,TSLA,271.3383,744
2026-01-02T09:32:54,AMD,160.8136,756
2026-01-02T09:32:54,AMZN,270.2981,827
2026-01-02T09:32:54,META,548.1943,204
2026-01-02T09:32:54,GOOGL,369.3284,261
2026-01-02T09:32:54,SPY,779.5208,96
2026-01-02T09:32:54,QQQ,667.4456,90
2026-01-02T09:32:55,AAPL,289.4544,338
2026-01-02T09:32:55,MSFT,378.1999,689
2026-01-02T09:32:55,NVDA,190.7501,855
2026-01-02T09:32:55,TSLA,271.6584,734
2026-01-02T09:32:55,AMD,160.7844,614
2026-01-02T09:32:55,AMZN,269.7857,490
2026-01-02T09:32:55,META,547.5672,529
2026-01-02T09:32:55,GOOGL,369.0997,101
2026-01-02T09:32:55,SPY,778.7006,300
2026-01-02T09:32:55,QQQ,666.1974,785
2026-01-02T09:32:56,AAPL,289.4906,797
2026-01-02T09:32:56,MSFT,377.8605,721
2026-01-02T09:32:56,NVDA,191.2352,173
2026-01-02T09:32:56,TSLA,271.2043,545
2026-01-02T09:32:56,AMD,160.5920,107
2026-01-02T09:32:56,AMZN,269.9095,175
2026-01-02T09:32:56,META,547.6543,675
2026-01-02T09:32:56,GOOGL,369.4879,375
2026-01-02T09:32:56,SPY,779.9062,413
2026-01-02T09:32:56,QQQ,667.1280,313
2026-01-02T09:32:57,AAPL,288.7046,580
2026-01-02T09:32:57,MSFT,377.6449,509
2026-01-02T09:32:57,NVDA,191.3046,252
2026-01-02T09:32:57,TSLA,271.6455,203
2026-01-02T09:32:57,AMD,160.6933,784
2026-01-02T09:32:57,AMZN,270.1004,209
2026-01-02T09:32:57,META,547.2873,104
2026-01-02T09:32:57,GOOGL,369.2168,194
2026-01-02T09:32:57,SPY,779.7926,760
2026-01-02T09:32:57,QQQ,667.0820,589
2026-01-02T09:32:58,AAPL,289.2849,886
2026-01-02T09:32:58,MSFT,377.2702,311
2026-01-02T09:32:58,NVDA,190.9582,468
2026-01-02T09:32:58,TSLA,271.0524,839
2026-01-02T09:32:58,AMD,160.5310,601
2026-01-02T09:32:58,AMZN,270.0967,768
2026-01-02T09:32:58,META,547.5038,354
2026-01-02T09:32:58,GOOGL,369.1012,782
2026-01-02T09:32:58,SPY,780.6531,133
2026-01-02T09:32:58,QQQ,667.9031,784
2026-01-02T09:32:59,AAPL,288.7709,192
2026-01-02T09:32:59,MSFT,378.1352,777
2026-01-02T09:32:59,NVDA,191.0508,390
2026-01-02T09:32:59,TSLA,271.6535,743
2026-01-02T09:32:59,AMD,160.9595,320
2026-01-02T09:32:59,AMZN,270.0837,847
2026-01-02T09:32:59,META,548.2323,731
2026-01-02T09:32:59,GOOGL,369.4842,314
2026-01-02T09:32:59,SPY,779.0428,280
2026-01-02T09:32:59,QQQ,667.3785,825
2026-01-02T09:32:00,AAPL,288.8481,811
2026-01-02T09:32:00,MSFT,377.4463,303
2026-01-02T09:32:00,NVDA,191.1423,167
2026-01-02T09:32:00,TSLA,271.3725,688
2026-01-02T09:32:00,AMD,160.6532,765
2026-01-02T09:32:00,AMZN,269.7490,633
2026-01-02T09:32:00,META,547.4308,677
2026-01-02T09:32:00,GOOGL,369.2411,423
2026-01-02T09:32:00,SPY,778.6544,530
2026-01-02T09:32:00,QQQ,666.5605,657
2026-01-02T09:32:01,AAPL,288.6611,820
2026-01-02T09:32:01,MSFT,377.0695,134
2026-01-02T09:32:01,NVDA,190.8826,146
2026-01-02T09:32:01,TSLA,270.9934,266
2026-01-02T09:32:01,AMD,160.8788,310
2026-01-02T09:32:01,AMZN,270.0119,409
2026-01-02T09:32:01,META,547.9025,895
2026-01-02T09:32:01,GOOGL,368.4900,601
2026-01-02T09:32:01,SPY,780.8365,260
2026-01-02T09:32:01,QQQ,666.6554,377
2026-01-02T09:32:02,AAPL,288.8190,612
2026-01-02T09:32:02,MSFT,377.2143,712
2026-01-02T09:32:02,NVDA,190.8218,811
2026-01-02T09:32:02,TSLA,271.0666,469
2026-01-02T09:32:02,AMD,160.6264,93
2026-01-02T09:32:02,AMZN,270.3394,188
2026-01-02T09:32:02,META,547.2680,853
2026-01-02T09:32:02,GOOGL,369.2917,127
2026-01-02T09:32:02,SPY,780.6271,526
2026-01-02T09:32:02,QQQ,667.3956,898
2026-01-02T09:32:03,AAPL,289.0185,812
2026-01-02T09:32:03,MSFT,377.0455,110
2026-01-02T09:32:03,NVDA,190.7875,629
2026-01-02T09:32:03,TSLA,271.5550,716
2026-01-02T09:32:03,AMD,160.5778,92
2026-01-02T09:32:03,AMZN,269.7029,821
2026-01-02T09:32:03,META,547.4127,129
2026-01-02T09:32:03,GOOGL,369.4924,253
2026-01-02T09:32:03,SPY,780.8241,164
2026-01-02T09:32:03,QQQ,666.6544,528
2026-01-02T09:32:04,AAPL,289.3625,268
2026-01-02T09:32:04,MSFT,377.3656,84
2026-01-02T09:32:04,NVDA,190.7951,873
2026-01-02T09:32:04,TSLA,271.0335,566
2026-01-02T09:32:04,AMD,161.0147,404
2026-01-02T09:32:04,AMZN,269.8871,754
2026-01-02T09:32:04,META,548.4633,815
2026-01-02T09:32:04,GOOGL,368.6397,218
2026-01-02T09:32:04,SPY,780.2725,207
2026-01-02T09:32:04,QQQ,667.9362,298
2026-01-02T09:32:05,AAPL,288.7214,599
2026-01-02T09:32:05,MSFT,377.2803,842
2026-01-02T09:32:05,NVDA,190.7071,364
2026-01-02T09:32:05,TSLA,271.5512,583
2026-01-02T09:32:05,AMD,160.6215,864
2026-01-02T09:32:05,AMZN,269.5903,406
2026-01-02T09:32:05,META,547.0169,148
2026-01-02T09:32:05,GOOGL,368.6804,161
2026-01-02T09:32:05,SPY,780.0546,843
2026-01-02T09:32:05,QQQ,667.4826,398
2026-01-02T09:32:06,AAPL,288.5634,188
2026-01-02T09:32:06,MSFT,377.0037,255
2026-01-02T09:32:06,NVDA,190.8370,289
2026-01-02T09:32:06,TSLA,271.5390,260
2026-01-02T09:32:06,AMD,160.9338,853
2026-01-02T09:32:06,AMZN,270.0648,155
2026-01-02T09:32:06,META,548.1570,226
2026-01-02T09:32:06,GOOGL,369.1975,550
2026-01-02T09:32:06,SPY,779.1867,897
2026-01-02T09:32:06,QQQ,667.2983,101
2026-01-02T09:32:07,AAPL,289.3105,549
2026-01-02T09:32:07,MSFT,377.9295,84
2026-01-02T09:32:07,NVDA,190.9988,749
2026-01-02T09:32:07,TSLA,271.0345,100
2026-01-02T09:32:07,AMD,160.7577,361
2026-01-02T09:32:07,AMZN,269.6636,656
2026-01-02T09:32:07,META,548.1298,835
2026-01-02T09:32:07,GOOGL,369.2779,116
2026-01-02T09:32:07,SPY,779.1439,183
2026-01-02T09:32:07,QQQ,666.6281,521
2026-01-02T09:32:08,AAPL,289.3306,463
2026-01-02T09:32:08,MSFT,377.2213,543
2026-01-02T09:32:08,NVDA,191.2062,456
2026-01-02T09:32:08,TSLA,271.0145,541
2026-01-02T09:32:08,AMD,160.6169,762
2026-01-02T09:32:08,AMZN,270.0574,803
2026-01-02T09:32:08,META,547.8255,657
2026-01-02T09:32:08,GOOGL,369.4942,869
2026-01-02T09:32:08,SPY,780.6156,143
2026-01-02T09:32:08,QQQ,667.6105,288
2026-01-02T09:32:09,AAPL,289.3728,344
2026-01-02T09:32:09,MSFT,377.9145,327
2026-01-02T09:32:09,NVDA,190.7579,838
2026-01-02T09:32:09,TSLA,271.3525,857
2026-01-02T09:32:09,AMD,160.7057,457
2026-01-02T09:32:09,AMZN,269.5453,192
2026-01-02T09:32:09,META,547.9043,309
2026-01-02T09:32:09,GOOGL,369.1212,514
2026-01-02T09:32:09,SPY,779.5777,220
2026-01-02T09:32:09,QQQ,668.0275,686
2026-01-02T09:32:10,AAPL,289.2552,632
2026-01-02T09:32:10,MSFT,377.6118,588
2026-01-02T09:32:10,NVDA,190.9962,216
2026-01-02T09:32:10,TSLA,270.9655,470
2026-01-02T09:32:10,AMD,160.7900,732
2026-01-02T09:32:10,AMZN,269.8133,382
2026-01-02T09:32:10,META,546.8255,854
2026-01-02T09:32:10,GOOGL,369.0154,566
2026-01-02T09:32:10,SPY,779.6912,684
2026-01-02T09:32:10,QQQ,667.7723,257
2026-01-02T09:32:11,AAPL,289.0296,330
2026-01-02T09:32:11,MSFT,376.9746,502
2026-01-02T09:32:11,NVDA,190.9521,625
2026-01-02T09:32:11,TSLA,270.8599,241
2026-01-02T09:32:11,AMD,160.9620,655
2026-01-02T09:32:11,AMZN,269.9273,450
2026-01-02T09:32:11,META,548.1742,642
2026-01-02T09:32:11,GOOGL,368.8007,188
2026-01-02T09:32:11,SPY,779.5381,395
2026-01-02T09:32:11,QQQ,668.0562,534
2026-01-02T09:32:12,AAPL,288.9701,681
2026-01-02T09:32:12,MSFT,377.6036,222
2026-01-02T09:32:12,NVDA,191.0964,574
2026-01-02T09:32:12,TSLA,271.5570,402
2026-01-02T09:32:12,AMD,160.8372,469
2026-01-02T09:32:12,AMZN,269.7061,702
2026-01-02T09:32:12,META,547.6778,783
2026-01-02T09:32:12,GOOGL,368.9219,113
2026-01-02T09:32:12,SPY,779.2737,392
2026-01-02T09:32:12,QQQ,668.3429,852
2026-01-02T09:32:13,AAPL,289.2998,851
2026-01-02T09:32:13,MSFT,377.5349,95
2026-01-02T09:32:13,NVDA,190.7357,832
2026-01-02T09:32:13,TSLA,271.2817,107
2026-01-02T09:32:13,AMD,161.0575,662
2026-01-02T09:32:13,AMZN,270.2058,839
2026-01-02T09:32:13,META,547.2631,283
2026-01-02T09:32:13,GOOGL,369.1462,107
2026-01-02T09:32:13,SPY,779.9313,739
2026-01-02T09:32:13,QQQ,668.1028,682
2026-01-02T09:32:14,AAPL,288.9968,155
2026-01-02T09:32:14,MSFT,377.5149,230
2026-01-02T09:32:14,NVDA,190.8787,444
2026-01-02T09:32:14,TSLA,271.2016,313
2026-01-02T09:32:14,AMD,160.8791,834
2026-01-02T09:32:14,AMZN,269.9579,352
2026-01-02T09:32:14,META,547.0143,593
2026-01-02T09:32:14,GOOGL,369.2966,756
2026-01-02T09:32:14,SPY,781.0023,120
2026-01-02T09:32:14,QQQ,668.2790,762
2026-01-02T09:32:15,AAPL,289.1678,639
2026-01-02T09:32:15,MSFT,377.3512,356
2026-01-02T09:32:15,NVDA,191.0734,500
2026-01-02T09:32:15,TSLA,271.5497,789
2026-01-02T09:32:15,AMD,160.9338,371
2026-01-02T09:32:15,AMZN,269.6701,304
2026-01-02T09:32:15,META,548.2496,449
2026-01-02T09:32:15,GOOGL,368.9206,618
2026-01-02T09:32:15,SPY,780.5196,889
2026-01-02T09:32:15,QQQ,667.2795,317
2026-01-02T09:32:16,AAPL,288.6533,814
2026-01-02T09:32:16,MSFT,377.1574,277
2026-01-02T09:32:16,NVDA,190.6618,739
2026-01-02T09:32:16,TSLA,271.5527,399
2026-01-02T09:32:16,AMD,160.7966,253
2026-01-02T09:32:16,AMZN,269.7486,426
2026-01-02T09:32:16,META,546.8397,616
2026-01-02T09:32:16,GOOGL,368.8993,884
2026-01-02T09:32:16,SPY,780.8054,659
2026-01-02T09:32:16,QQQ,668.1878,490
2026-01-02T09:32:17,AAPL,288.5962,322
2026-01-02T09:32:17,MSFT,377.5970,95
2026-01-02T09:32:17,NVDA,190.7858,846
2026-01-02T09:32:17,TSLA,271.4882,309
2026-01-02T09:32:17,AMD,161.0244,149
2026-01-02T09:32:17,AMZN,270.0537,434
2026-01-02T09:32:17,META,546.9762,532
2026-01-02T09:32:17,GOOGL,369.7374,797
2026-01-02T09:32:17,SPY,780.8597,289
2026-01-02T09:32:17,QQQ,667.9453,511
2026-01-02T09:32:18,AAPL,288.6257,376
2026-01-02T09:32:18,MSFT,377.5382,511
2026-01-02T09:32:18,NVDA,190.7500,622
2026-01-02T09:32:18,TSLA,271.3596,442
2026-01-02T09:32:18,AMD,161.0888,721
2026-01-02T09:32:18,AMZN,269.5184,868
2026-01-02T09:32:18,META,547.0776,157
2026-01-02T09:32:18,GOOGL,369.1931,735
2026-01-02T09:32:18,SPY,780.1913,340
2026-01-02T09:32:18,QQQ,668.3897,854
2026-01-02T09:32:19,AAPL,288.5940,653
2026-01-02T09:32:19,MSFT,376.8245,692
2026-01-02T09:32:19,NVDA,191.1114,855
2026-01-02T09:32:19,TSLA,271.2515,695
2026-01-02T09:32:19,AMD,160.9656,556
2026-01-02T09:32:19,AMZN,269.8053,799
2026-01-02T09:32:19,META,546.7550,777
2026-01-02T09:32:19,GOOGL,369.5863,461
2026-01-02T09:32:19,SPY,779.5188,130
2026-01-02T09:32:19,QQQ,667.4740,551
2026-01-02T09:32:20,AAPL,289.1609,885
2026-01-02T09:32:20,MSFT,377.1171,574
2026-01-02T09:32:20,NVDA,190.7707,553
2026-01-02T09:32:20,TSLA,271.1316,547
2026-01-02T09:32:20,AMD,160.9728,745
2026-01-02T09:32:20,AMZN,270.2274,897
2026-01-02T09:32:20,META,546.7572,440
2026-01-02T09:32:20,GOOGL,369.1296,625
2026-01-02T09:32:20,SPY,779.1371,697
2026-01-02T09:32:20,QQQ,668.0412,439
2026-01-02T09:32:21,AAPL,288.6304,385
2026-01-02T09:32:21,MSFT,377.1915,844
2026-01-02T09:32:21,NVDA,191.0185,235
2026-01-02T09:32:21,TSLA,270.9449,110
2026-01-02T09:32:21,AMD,161.0379,255
2026-01-02T09:32:21,AMZN,269.8175,899
2026-01-02T09:32:21,META,546.6173,717
2026-01-02T09:32:21,GOOGL,369.1694,831
2026-01-02T09:32:21,SPY,779.7243,798
2026-01-02T09:32:21,QQQ,666.6959,769
2026-01-02T09:32:22,AAPL,288.4895,884
2026-01-02T09:32:22,MSFT,377.5213,823
2026-01-02T09:32:22,NVDA,190.7963,678
2026-01-02T09:32:22,TSLA,270.8448,259
2026-01-02T09:32:22,AMD,161.1038,472
2026-01-02T09:32:22,AMZN,269.5736,429
2026-01-02T09:32:22,META,548.1699,394
2026-01-02T09:32:22,GOOGL,368.7852,395
2026-01-02T09:32:22,SPY,781.4059,856
2026-01-02T09:32:22,QQQ,667.6971,389
2026-01-02T09:32:23,AAPL,289.2579,460
2026-01-02T09:32:23,MSFT,377.5576,180
2026-01-02T09:32:23,NVDA,190.7024,691
2026-01-02T09:32:23,TSLA,270.7330,448
2026-01-02T09:32:23,AMD,160.9746,423
2026-01-02T09:32:23,AMZN,269.4922,277
2026-01-02T09:32:23,META,547.8705,165
2026-01-02T09:32:23,GOOGL,369.1021,704
2026-01-02T09:32:23,SPY,780.3401,102
2026-01-02T09:32:23,QQQ,667.2020,759
2026-01-02T09:32:24,AAPL,288.6111,172
2026-01-02T09:32:24,MSFT,377.4122,656
2026-01-02T09:32:24,NVDA,190.6091,725
2026-01-02T09:32:24,TSLA,271.2083,748
2026-01-02T09:32:24,AMD,160.8627,666
2026-01-02T09:32:24,AMZN,269.6020,768
